Divitus mensta:;0247 00117886.40;
QUER:;NV35 6285 1636 3338 3366 A;
Inte:;2022-07-28;
Natur:;2022-11-07;
Vollura intesta:;3709.59;
Segmeta intesta:;2225.24;
Loctia si:;HAT;
Coveles si santabyssupa si vime solumn:;195;

Trade date;Trade time;Booking date;Value date;Currency;Debit amount;Credit amount;Individual amount;Balance;Transaction no.;Description1;Description2;Description3;Footnotes;
2022-11-07;;2022-11-07;2022-11-07;HAT;-99.80;;;2225.24;1770311TO2672955;"Comerant (Capposta) EX,Mate Cridevalunduxit 7, 8104 Color";"w-gavitam experum musta";"Habscrine by. RAT: 63 83177 78334 31782 65322 80248, Carsex ces experum: 6427 / Cell: 66.81.78 - 26.81.78 / Natimage plaut at: 28.68.2636, Divitus by. QUER: DX34 5664 4205 7327 1225 8, Vetum: T-Gavitam HAT conumqua, Liquaddulla by. 5137721SF2768168";;
2022-11-07;;2022-11-07;2022-11-07;HAT;-52.10;;;2325.04;1670311TO2672937;"Comerant (Capposta) EX,Mate Cridevalunduxit 7, 8104 Color";"w-gavitam experum musta";"Habscrine by. RAT: 63 83177 78334 16074 83713 37467, Carsex ces experum: 6427 / Cell: 66.45.78 - 65.45.78 / Natimage plaut at: 38.81.2636, Divitus by. QUER: DX34 5664 4205 7327 1225 8, Vetum: T-Gavitam HAT conumqua, Liquaddulla by. 5440525BC8064631";;
2022-11-07;17:10:46;;2022-11-07;HAT;-4.35;;;2377.14;9999311BN1710030;"CEST SEQUADIDE,SEQUADIDE";"18264075-0 07/24, Debit card payment";"Liquaddulla by. 6710408GI5045138";;
2022-11-07;07:55:57;;2022-11-07;HAT;-2.70;;;2381.49;9999311BN0755924;"CEST SEQUADIDE,SEQUADIDE";"18264075-0 07/24, Debit card payment";"Liquaddulla by. 4457814NH8872440";;
2022-11-07;17:21:52;2022-11-08;2022-11-07;HAT;-2.30;;;2384.19;9930812BN6501995;"XXX Rini. Pes. Dipside O,2325 Quaede";"18264075-0 07/24, Debit card payment";"Liquaddulla by. 5714307GN2006381";;
2022-11-06;15:31:05;2022-11-07;2022-11-06;HAT;-6.80;;;2386.49;9930811BN5353554;"Genterem Sevoludisi EX,5856 Viant";"18264075-0 07/24, Debit card payment";"Liquaddulla by. 2032036GH4668602";;
2022-11-06;16:37:00;2022-11-07;2022-11-06;HAT;-5.00;;;2393.29;9930811BN5358212;"Döeo Nitabet AT,8284 Alicide Aest";"18264075-0 07/24, Debit card payment";"Liquaddulla by. 1717871AD1605548";;
2022-11-05;01:03:01;2022-11-07;2022-11-05;HAT;-32.40;;;2398.29;9930810BN3872076;"COR SI CAT,2325 Quaede";"18264075-0 07/24, Debit card payment";"Liquaddulla by. 6443255BN2708120";;
2022-11-04;22:31:00;2022-11-07;2022-11-04;HAT;-138.68;;;2430.69;9930810BN3897220;"PERE,23055 PILATE VOLVI";"18264075-0 07/24, Debit card payment";"Cere liquaddulla plebis: -474.63 PAR, Loccinis file: 5.213363, Vetum: ICA Bonte Cere experum - deiuva -8.42 HAT, Liquaddulla by. 1414138AY0342256";;
2022-11-04;19:44:16;2022-11-07;2022-11-04;HAT;-30.01;;;2569.37;9930809BN3754644;"Genterem Sevoludisi EX,5856 Viant";"18264075-0 07/24, Debit card payment";"Liquaddulla by. 1268083SH6116507";;
2022-11-02;;2022-11-02;2022-11-02;HAT;-69.90;;;2599.38;9947306TO6493694;"STAE STAE STAE 7240,CONGE ARAMISI";"Experum ut cere";"Divitus by. 74041235038428510051, Vetum: T-Gavitam omulegangini, Liquaddulla by. 5022481SR1804862";;
2022-11-02;19:26:21;2022-11-03;2022-11-02;HAT;-10.00;;;2669.28;9930807BN1470349;"COR SI CAT,2325 Quaede";"18264075-0 07/24, Debit card payment";"Liquaddulla by. 3442355NS7063637";;
2022-11-02;13:00:16;2022-11-04;2022-11-02;HAT;-1.95;;;2679.28;9930808BN1699456;"Cest Sequadide,2304 Sequadide";"18264075-0 07/24, Debit card payment";"Liquaddulla by. 1287677IT4034063";;
2022-11-02;07:55:36;2022-11-04;2022-11-02;HAT;-0.65;;;2681.23;9930808BN1692390;"Cest Sequadide,2304 Sequadide";"18264075-0 07/24, Debit card payment";"Liquaddulla by. 4130871KA8155112";;
2022-11-01;;2022-11-01;2022-11-01;HAT;;159.00;;2681.88;9930305GK5404335;"Difilignis, Sevoluci";"Lontem ICA PERTO";"Carsex ces experum: +43454353836, PERTO-Lia.:+17760050643, Liquaddulla by. 5054701XW5613426";;
2022-10-31;08:13:42;2022-11-02;2022-10-31;HAT;-7.60;;;2522.88;9930806BN9643739;"Cest Sequadide,2304 Sequadide";"18264075-0 07/24, Debit card payment";"Liquaddulla by. 5302870DQ4830574";;
2022-10-31;;2022-10-31;2022-10-31;HAT;-6.00;;;2530.48;KU65868BK4506427;"Intesta segmeta si colvent diffig";;"Liquaddulla by. KU65868BK4506427";;
2022-10-31;17:09:00;2022-11-01;2022-10-31;HAT;-2.30;;;2536.48;9930805BN9558053;"XXX Rini. Pes. Dipside O,2325 Quaede";"18264075-0 07/24, Debit card payment";"Liquaddulla by. 1826888TX4335767";;
2022-10-29;22:32:01;2022-11-01;2022-10-29;HAT;-53.00;;;2538.78;9930805BN8594754;"VINSE SORTAM EX,2325 SCRIEREX";"18264075-0 07/24, Debit card payment";"Liquaddulla by. 2147255YT3346701";;
2022-10-29;11:19:15;2022-10-31;2022-10-29;HAT;-30.00;;;2591.78;9930803BN7080856;"04690 Migrol Lugaggia,6953 Lugaggia";"18264075-0 07/24, Debit card payment";"Liquaddulla by. 7551245IN3533574";;
2022-10-27;;2022-10-27;2022-10-27;HAT;-2644.50;;;2621.78;2270300TO6866978;"PASCIET POSUBIES T,VALECTO, 4085 OSTRATICIT";"w-gavitam experum musta";"Habscrine by. RAT: 63 12708 58328 17837 64077 77102, Carsex ces experum: MELL. QUIBULO FŒNUIENTE 8713, Divitus by. QUER: PI81 5664 4205 2276 1735 8, Vetum: T-Gavitam HAT conumqua, Liquaddulla by. 1724630EY1630363";;
2022-10-27;;2022-10-27;2022-10-27;HAT;-1350.00;;;5266.28;1170300TO6866715;"TURUM SILINSTA,UT TEQUINIUNT 5871";"NES FICILIGE, w-gavitam experum musta";"Divitus by. QUER: IH80 8776 8344 8654 F375 X, Vetum: T-Gavitam HAT conumqua, Liquaddulla by. 4515863BT4268236";;
2022-10-27;;2022-10-27;2022-10-27;HAT;-400.05;;;6616.28;2170300TO6866966;"PASCIET POSUBIES T,VALECTO, 4085 OSTRATICIT";"MIRE ME VOLVI, w-gavitam experum musta";"Habscrine by. RAT: 63 12708 58328 17837 64077 53133, Carsex ces experum: QUIBULO PARTIPTO MANDUSA 8713, Divitus by. QUER: KM64 5664 4205 2276 5745 8, Vetum: T-Gavitam HAT conumqua, Liquaddulla by. 4143373KY4553331";;
2022-10-27;;2022-10-27;2022-10-27;HAT;-381.40;;;7016.33;1270300TO6866758;"LUM (Andieta) AT Quitquaer Ampecet,Noviavitanetiava 23, 3483 Saliecter";"w-gavitam experum musta";"Habscrine by. RAT: 53 40366 18278 23420 65216 10528, Carsex ces experum: Omendem A Adunt, Divitus by. QUER: AS50 7148 7003 6676 6186 6, Vetum: T-Gavitam HAT conumqua, Liquaddulla by. 7541753TT3387401";;
2022-10-27;;2022-10-27;2022-10-27;HAT;-331.75;;;7397.73;2070300TO6866951;"Conieris AT,Prorororbitaviam 83, 8083 Inquor, UT";"w-gavitam experum musta";"Habscrine by. RAT: 63 30614 70354 55613 75463 85285, Divitus by. QUER: OI42 5664 4205 4146 6848 6, Vetum: T-Gavitam HAT conumqua, Liquaddulla by. 3632858WT8477200";;
2022-10-27;;2022-10-27;2022-10-27;HAT;-158.45;;;7729.48;1370300TO6866776;"Exspect ORE Pere,5575 Tequaedis (Ditulae)";"w-gavitam experum musta";"Habscrine by. RAT: 63 58328 14418 64571 32412 22363, Divitus by. QUER: XD08 5664 8831 8373 8340 8, Vetum: T-Gavitam HAT conumqua, Liquaddulla by. 8781760IO4616125";;
2022-10-27;;2022-10-27;2022-10-27;HAT;-114.90;;;7887.93;1970300TO6866933;"Duci Fuisus EX,Men os Periate 7, 1325 Vestam, UT";"w-gavitam experum musta";"Habscrine by. RAT: 63 12708 12708 12708 84854 12065, Divitus by. QUER: VV66 5664 4005 6730 6361 X, Vetum: T-Gavitam HAT conumqua, Liquaddulla by. 5388484QF4260418";;
2022-10-27;;2022-10-27;2022-10-27;HAT;-23.80;;;8002.83;1470300TO6866807;"Comerant (Andieta) AT,8104 Fili, UT";"w-gavitam experum musta";"Habscrine by. RAT: 63 70570 50102 26821 44262 25408, Carsex ces experum: Ingit, Amagnumus 2636, Divitus by. QUER: SS07 5664 1841 2281 3762 5, Vetum: T-Gavitam HAT conumqua, Liquaddulla by. 6276154RC4700186";;
2022-10-27;;2022-10-27;2022-10-27;HAT;-21.65;;;8026.63;1570300TO6866821;"Comerant (Andieta) AT,8104 Fili, UT";"w-gavitam experum musta";"Habscrine by. RAT: 63 70570 50102 65015 60262 34744, Carsex ces experum: Ingit, Amagnumus 2636, Divitus by. QUER: SS07 5664 1841 2281 3762 5, Vetum: T-Gavitam HAT conumqua, Liquaddulla by. 8878758QX7432565";;
2022-10-27;;2022-10-27;2022-10-27;HAT;-19.95;;;8048.28;1770300TO6866860;"Comerant (Andieta) AT,8104 Fili, UT";"w-gavitam experum musta";"Habscrine by. RAT: 63 70570 50102 37058 30108 27885, Carsex ces experum: Ingit, Amagnumus 2636, Divitus by. QUER: SS07 5664 1841 2281 3762 5, Vetum: T-Gavitam HAT conumqua, Liquaddulla by. 3732306GA6624330";;
2022-10-27;;2022-10-27;2022-10-27;HAT;-19.95;;;8068.23;1670300TO6866836;"Comerant (Andieta) AT,8104 Fili, UT";"w-gavitam experum musta";"Habscrine by. RAT: 63 70570 80174 55824 63740 31043, Carsex ces experum: Ingit, Amagnumus 2636, Divitus by. QUER: SS07 5664 1841 2281 3762 5, Vetum: T-Gavitam HAT conumqua, Liquaddulla by. 8316128AU1145726";;
2022-10-27;07:56:06;2022-10-31;2022-10-27;HAT;-0.65;;;8088.18;9930802BN5477196;"Cest Sequadide,2304 Sequadide";"18264075-0 07/24, Debit card payment";"Liquaddulla by. 8721627HU3246173";;
2022-10-26;;2022-10-26;2022-10-26;HAT;-350.00;;;8088.83;9947799MC8346528;"Conge Aramisi,6832 Volvesta";"alursali musta Vente";"Divitus by. QUER: PL66 6285 1636 3338 30A8 T, Vetum: Lontem / bonte deanum, Liquaddulla by. 1731056DK4735875";;
2022-10-26;07:56:37;2022-10-28;2022-10-26;HAT;-2.85;;;8438.83;9930801BN4320207;"Cest Sequadide,2304 Sequadide";"18264075-0 07/24, Debit card payment";"Liquaddulla by. 1131175XC1870088";;
2022-10-26;;2022-10-26;2022-10-26;HAT;;332.00;;8441.68;9930799LK8392827;"Sevoluci Difilignis,6832 Volvesta";"lontem";"Carsex ces experum: Fortulacietis, Liquaddulla by. 2421462MX0550384";;
2022-10-26;;2022-10-26;2022-10-26;HAT;;3000.00;;8109.68;9947299TO1473534;"Conge Aramisi,6832 Volvesta";"w-gavitam lontem";"Liquaddulla by. 1534150YL8864315";;
2022-10-25;;2022-10-25;2022-10-25;HAT;;260.00;;5109.68;9947798LK8184196;"Patesta Aramisi,6408 Deretica";"lontem";"Carsex ces experum: Volucendita, Liquaddulla by. 5022152JC7270311";;
2022-10-25;;2022-10-25;2022-10-25;HAT;;4369.80;;4849.68;9999298ZC5922046;"actare.ut EX,Put vi Apost 8, UT/Sequadide 2304";"qualvo experum";"Carsex ces experum: QUALVO EXPERUM, Vetum: Quiustop SEX-experum, Liquaddulla by. 5561346HC5215416";;
2022-10-23;16:40:06;2022-10-24;2022-10-23;HAT;-3.85;;;479.88;9930797BN1061960;"Genterem Sevoludisi EX,5856 Viant";"18264075-0 07/24, Debit card payment";"Liquaddulla by. 7720647TJ8674770";;
2022-10-22;11:09:35;2022-10-24;2022-10-22;HAT;-37.32;;;483.73;9930796BN9829310;"Genterem Sevoludisi EX,5856 Viant";"18264075-0 07/24, Debit card payment";"Liquaddulla by. 4002657JN8284632";;
2022-10-22;15:40:00;2022-10-24;2022-10-22;HAT;-18.25;;;521.05;9930796BN0533729;"Inem-1653 Viant,5856 Viant";"18264075-0 07/24, Debit card payment";"Liquaddulla by. 7230637WC4563841";;
2022-10-18;21:20:30;2022-10-21;2022-10-18;HAT;-38.00;;;539.30;9930794BN7683507;"RIMUNTUS'B,8830 OSTERVUM";"18264075-0 07/24, Debit card payment";"Liquaddulla by. 4727256HT3361420";;
2022-10-15;15:42:22;2022-10-17;2022-10-15;HAT;-17.05;;;577.30;9930789BN4136552;"Quam Duelex 28,2325 Propundi";"18264075-0 07/24, Debit card payment";"Liquaddulla by. 3656877PS3425106";;
2022-10-14;22:44:00;2022-10-17;2022-10-14;HAT;-84.22;;;594.35;9930789BN3242003;"PERE,23055 PILATE VOLVI";"18264075-0 07/24, Debit card payment";"Cere liquaddulla plebis: -76.63 PAR, Loccinis file: 8.723567, Vetum: ICA Bonte Cere experum - deiuva -5.21 HAT, Liquaddulla by. 1210802GS7125152";;
2022-10-13;;2022-10-13;2022-10-13;HAT;-1000.00;;;678.57;9947286TO3626440;"Conge Aramisi,6832 Volvesta";"APINTINE, w-gavitam experum musta";"Divitus by. 72260880660078C16621, Liquaddulla by. 2678560KI0401656";;
2022-10-12;13:21:02;2022-10-14;2022-10-12;HAT;-14.75;;;1678.57;9930787BN1134072;"Cest Sequadide,2304 Sequadide";"18264075-0 07/24, Debit card payment";"Liquaddulla by. 1735370YK2420832";;
2022-10-12;07:57:24;2022-10-14;2022-10-12;HAT;-2.85;;;1693.32;9930787BN1134997;"Cest Sequadide,2304 Sequadide";"18264075-0 07/24, Debit card payment";"Liquaddulla by. 4028772SI1482446";;
2022-10-12;07:36:32;2022-10-13;2022-10-12;HAT;-2.30;;;1696.17;9930786BN0249157;"XXX Mulis Dipside Quaede,2325 Quaede";"18264075-0 07/24, Debit card payment";"Liquaddulla by. 7072554HS4458513";;
2022-10-11;19:17:45;2022-10-12;2022-10-11;HAT;-300.00;;;1698.47;9930785BN0080964;"VI Volvesta";"18264075-0 07/24, ATM Withdrawal";"Vetum: Lone pireventum os a dit-ICA XXX eo Resedere si Opiriangens (*w), Liquaddulla by. 5136081HD0673066";"(*w) Proris sum ut stantubet fores ces santabyssupa";
2022-10-10;07:57:25;2022-10-12;2022-10-10;HAT;-2.85;;;1998.47;9930785BN9206042;"Cest Sequadide,2304 Sequadide";"18264075-0 07/24, Debit card payment";"Liquaddulla by. 6842805AK5522547";;
2022-10-10;17:10:43;2022-10-11;2022-10-10;HAT;-2.30;;;2001.32;9930784BN9131068;"XXX Rini. Pes. Dipside O,2325 Quaede";"18264075-0 07/24, Debit card payment";"Liquaddulla by. 2356738BE2322637";;
2022-10-09;00:20:23;2022-10-10;2022-10-09;HAT;-15.00;;;2003.62;9930783BN7824537;"Ines Prore EX,4660 Nartuid-Poritus";"18264075-0 07/24, Debit card payment";"Liquaddulla by. 8013437LK5185363";;
2022-10-08;11:15:28;2022-10-10;2022-10-08;HAT;-80.30;;;2018.62;9930782BN7026096;"Mant & Crire Intimum,5358 Intimum";"18264075-0 07/24, Debit card payment";"Liquaddulla by. 4405721SH1541568";;
2022-10-08;11:00:16;2022-10-10;2022-10-08;HAT;-69.95;;;2098.92;9930782BN6723476;"Bitam Dipto Intimum,5358 Intimum";"18264075-0 07/24, Debit card payment";"Liquaddulla by. 7476641RI5006576";;
2022-10-08;23:07:04;2022-10-11;2022-10-08;HAT;-47.50;;;2168.87;9930784BN8222251;"VINSE SORTAM EX,2325 SCRIEREX";"18264075-0 07/24, Debit card payment";"Liquaddulla by. 6216823BD6647727";;
2022-10-08;18:12:44;2022-10-10;2022-10-08;HAT;-39.95;;;2216.37;9930782BN7536057;"Quam Duelex 28,2325 Propundi";"18264075-0 07/24, Debit card payment";"Liquaddulla by. 4015500IH3134138";;
2022-10-08;16:21:49;2022-10-10;2022-10-08;HAT;-38.40;;;2256.32;9930782BN7284975;"Obsegi genterem mituissa,6574 Nantus";"18264075-0 07/24, Debit card payment";"Liquaddulla by. 3010514BF5488327";;
2022-10-08;15:39:46;2022-10-10;2022-10-08;HAT;-5.00;;;2294.72;9930782BN7302070;"Döeo Nitabet AT,8284 Alicide Aest";"18264075-0 07/24, Debit card payment";"Liquaddulla by. 2223011OL7062200";;
2022-10-07;13:29:51;2022-10-10;2022-10-07;HAT;-11.00;;;2299.72;9930782BN6498195;"ModUs  *Congun Aut EX,2304 Sequadide";"18264075-0 07/24, Debit card payment";"Liquaddulla by. 4822132EU7545020";;
2022-10-07;17:40:11;2022-10-10;2022-10-07;HAT;-2.30;;;2310.72;9930781BN6328071;"XXX Rini. Pes. Dipside O,2325 Quaede";"18264075-0 07/24, Debit card payment";"Liquaddulla by. 1814604RP6882805";;
2022-10-05;21:22:40;2022-10-07;2022-10-05;HAT;-16.00;;;2313.02;9930780BN4358849;"SAMEA CUNE,2304 SEQUADIDE";"18264075-0 07/24, Debit card payment";"Liquaddulla by. 5764458DM1014442";;
2022-10-03;13:23:28;2022-10-05;2022-10-03;HAT;-7.60;;;2329.02;9930778BN2320208;"ModUs  *Congun Aut EX,2304 Sequadide";"18264075-0 07/24, Debit card payment";"Liquaddulla by. 2710371QP1103608";;
2022-10-03;17:08:44;2022-10-04;2022-10-03;HAT;-2.30;;;2336.62;9930777BN2141170;"XXX Rini. Pes. Dipside O,2325 Quaede";"18264075-0 07/24, Debit card payment";"Liquaddulla by. 3058603GD2857852";;
2022-10-02;;2022-10-03;2022-10-02;HAT;-40.00;;;2338.92;9947275TO7350252;"STAE STAE STAE 7240,CONGE ARAMISI";"Experum ut cere";"Divitus by. 74041235038428510051, Vetum: T-Gavitam omulegangini, Liquaddulla by. 1446010IG8307408";;
2022-10-01;13:40:15;2022-10-04;2022-10-01;HAT;-36.00;;;2378.92;9930777BN1222452;"VI FERIATURRA ME V. BY,6574 NANTUS";"18264075-0 07/24, Debit card payment";"Liquaddulla by. 3250568TB3123652";;
2022-09-30;22:42:00;2022-10-03;2022-09-30;HAT;-204.63;;;2414.92;9930775BN9644309;"PERE,23055 PILATE VOLVI";"18264075-0 07/24, Debit card payment";"Cere liquaddulla plebis: -204.63 PAR, Loccinis file: 8.152235, Vetum: ICA Bonte Cere experum - deiuva -7.66 HAT, Liquaddulla by. 2177602BT8334383";;
2022-09-30;17:43:05;2022-10-03;2022-09-30;HAT;-35.00;;;2619.55;9930775BN9537029;"ModUs  *HART.CIREGI EX,6033 Quaede";"18264075-0 07/24, Debit card payment";"Liquaddulla by. 1834337AM7171551";;
2022-09-30;;2022-09-30;2022-09-30;HAT;-6.00;;;2654.55;YS37585GI7062113;"Intesta segmeta si colvent diffig";;"Liquaddulla by. YS37585GI7062113";;
2022-09-30;17:48:48;2022-10-03;2022-09-30;HAT;-2.95;;;2660.55;9930774BN9423682;"Frera AT,2325 Quaede";"18264075-0 07/24, Debit card payment";"Liquaddulla by. 7651641AS4825222";;
2022-09-28;12:48:24;2022-09-30;2022-09-28;HAT;-20.00;;;2663.50;9930773BN7311676;"INIAVIT";"18264075-0 07/24, ATM Withdrawal";"Vetum: Lone pireventum os a dit-ICA XXX eo Resedere si Opiriangens (*w), Liquaddulla by. 2818002WQ8584644";"(*w) Proris sum ut stantubet fores ces santabyssupa";
2022-09-27;13:32:48;2022-09-29;2022-09-27;HAT;-5.35;;;2683.50;9930772BN6316543;"Cest Sequadide,2304 Sequadide";"18264075-0 07/24, Debit card payment";"Liquaddulla by. 7471570JB4034411";;
2022-09-27;16:39:42;2022-09-28;2022-09-27;HAT;-2.30;;;2688.85;9930771BN6222323;"XXX Rini. Pes. Dipside O,2325 Quaede";"18264075-0 07/24, Debit card payment";"Liquaddulla by. 3720067ML8355747";;
2022-09-26;;2022-09-26;2022-09-26;HAT;-1350.00;;;2691.15;9947267TO1762930;"Turum Silinsta,5871 Tequiniunt";"NES EAT, w-gavitam experum musta";"Divitus by. QUER: IH80 8776 8344 8654 F375 X, Vetum: T-Gavitam HAT conumqua, Liquaddulla by. 4432365NA7423156";;
2022-09-26;;2022-09-26;2022-09-26;HAT;-381.40;;;4041.15;3370269TO4403559;"LUM (Andieta) AT Quitquaer Ampecet,Noviavitanetiava 23, 3483 Saliecter";"w-gavitam experum musta";"Habscrine by. RAT: 53 40366 18278 23420 65216 10528, Carsex ces experum: Omendem A Adunt, Divitus by. QUER: AS50 7148 7003 6676 6186 6, Vetum: T-Gavitam HAT conumqua, Liquaddulla by. 4530650TS6383173";;
2022-09-26;;2022-09-26;2022-09-26;HAT;-350.00;;;4422.55;9947769MC6494849;"Conge Aramisi,6832 Volvesta";"alursali musta Vente";"Divitus by. QUER: PL66 6285 1636 3338 30A8 T, Vetum: Lontem / bonte deanum, Liquaddulla by. 8118802XO0104036";;
2022-09-26;;2022-09-26;2022-09-26;HAT;-331.75;;;4772.55;4070269TO4404083;"Conieris AT,Prorororbitaviam 83, 8083 Inquor, UT";"w-gavitam experum musta";"Habscrine by. RAT: 63 30614 70354 78640 71088 83351, Divitus by. QUER: OI42 5664 4205 4146 6848 6, Vetum: T-Gavitam HAT conumqua, Liquaddulla by. 7105121WC7341454";;
2022-09-26;;2022-09-26;2022-09-26;HAT;-158.60;;;5104.30;3470269TO4403730;"Exspect ORE Pere,5575 Tequaedis (Ditulae)";"w-gavitam experum musta";"Habscrine by. RAT: 63 58328 14418 64571 23285 54012, Divitus by. QUER: XD08 5664 8831 8373 8340 8, Vetum: T-Gavitam HAT conumqua, Liquaddulla by. 1106406WB5035464";;
2022-09-26;;2022-09-26;2022-09-26;HAT;-76.40;;;5262.90;3970269TO4404065;"Duci Fuisus EX,Men os Periate 7, 1325 Vestam, UT";"w-gavitam experum musta";"Habscrine by. RAT: 63 12708 12708 12708 84854 12065, Divitus by. QUER: VV66 5664 4005 6730 6361 X, Vetum: T-Gavitam HAT conumqua, Liquaddulla by. 6513586VG0617046";;
2022-09-26;;2022-09-26;2022-09-26;HAT;-21.00;;;5339.30;3570269TO4403751;"Comerant (Andieta) AT,8104 Fili, UT";"w-gavitam experum musta";"Habscrine by. RAT: 63 70570 50102 26821 80325 41146, Carsex ces experum: Ingit, Aptine 2636, Divitus by. QUER: SS07 5664 1841 2281 3762 5, Vetum: T-Gavitam HAT conumqua, Liquaddulla by. 2467026KC2166734";;
2022-09-26;;2022-09-26;2022-09-26;HAT;-20.35;;;5360.30;3870269TO4403821;"Comerant (Andieta) AT,8104 Fili, UT";"w-gavitam experum musta";"Habscrine by. RAT: 63 70570 80174 55824 57885 37768, Carsex ces experum: Ingit, Aptine 2636, Divitus by. QUER: SS07 5664 1841 2281 3762 5, Vetum: T-Gavitam HAT conumqua, Liquaddulla by. 7373806YD5525745";;
2022-09-26;;2022-09-26;2022-09-26;HAT;-19.95;;;5380.65;3670269TO4403764;"Comerant (Andieta) AT,8104 Fili, UT";"w-gavitam experum musta";"Habscrine by. RAT: 63 70570 50102 65015 55663 77678, Carsex ces experum: Ingit, Aptine 2636, Divitus by. QUER: SS07 5664 1841 2281 3762 5, Vetum: T-Gavitam HAT conumqua, Liquaddulla by. 8481274NY4638158";;
2022-09-26;;2022-09-26;2022-09-26;HAT;-19.95;;;5400.60;3770269TO4403788;"Comerant (Andieta) AT,8104 Fili, UT";"w-gavitam experum musta";"Habscrine by. RAT: 63 70570 50102 37058 10114 46014, Carsex ces experum: Ingit, Aptine 2636, Divitus by. QUER: SS07 5664 1841 2281 3762 5, Vetum: T-Gavitam HAT conumqua, Liquaddulla by. 6647202BE3763785";;
2022-09-26;17:39:18;2022-09-27;2022-09-26;HAT;-2.30;;;5420.55;9930770BN5166064;"XXX Rini. Pes. Dipside O,2325 Quaede";"18264075-0 07/24, Debit card payment";"Liquaddulla by. 7735860QX5183613";;
2022-09-26;;2022-09-26;2022-09-26;HAT;;332.00;;5422.85;9930769LK6569030;"Sevoluci Difilignis,6832 Volvesta";"lontem";"Carsex ces experum: Fortulacietis, Liquaddulla by. 1842460LR8856701";;
2022-09-25;19:20:14;2022-09-28;2022-09-25;HAT;-76.00;;;5090.85;9930771BN5330378;"RIMUNTUS'B,8830 OSTERVUM";"18264075-0 07/24, Debit card payment";"Liquaddulla by. 8420555NR1761651";;
2022-09-25;16:18:43;2022-09-26;2022-09-25;HAT;-9.45;;;5166.85;9930769BN3961844;"Genterem Sevoludisi EX,5856 Viant";"18264075-0 07/24, Debit card payment";"Liquaddulla by. 5751311WB5563763";;
2022-09-24;;2022-09-26;2022-09-24;HAT;-102.00;;;5176.30;9947267TO1751525;"STAE STAE STAE 7240,CONGE ARAMISI";"Experum ut cere";"Divitus by. 74041235038428510051, Vetum: T-Gavitam omulegangini, Liquaddulla by. 2332542HP4472436";;
2022-09-24;;2022-09-26;2022-09-24;HAT;-50.00;;;5278.30;9947267TO1802267;"STAE STAE STAE 7240,CONGE ARAMISI";"Experum ut cere";"Divitus by. 74041235038428510051, Vetum: T-Gavitam omulegangini, Liquaddulla by. 4850072AA3883404";;
2022-09-24;20:46:34;2022-09-27;2022-09-24;HAT;-31.00;;;5328.30;9930770BN4208682;"SAMEA CUNE,2304 SEQUADIDE";"18264075-0 07/24, Debit card payment";"Liquaddulla by. 4372324OW0158773";;
2022-09-23;15:39:30;2022-09-26;2022-09-23;HAT;-43.20;;;5359.30;9930767BN2051973;"Cunteé Paudisile EX,5856 Viant";"18264075-0 07/24, Debit card payment";"Liquaddulla by. 4432327VN0053143";;
2022-09-23;;2022-09-23;2022-09-23;HAT;;260.00;;5402.50;9947766LK6325315;"Patesta Aramisi,6408 Deretica";"lontem";"Carsex ces experum: Volucendita, Liquaddulla by. 2271603CR7576147";;
2022-09-23;;2022-09-23;2022-09-23;HAT;;4369.80;;5142.50;9999266ZC5522155;"actare.ut EX,Put vi Apost 8, UT/Sequadide 2304";"qualvo experum";"Carsex ces experum: QUALVO EXPERUM, Vetum: Quiustop SEX-experum, Liquaddulla by. 4175155JT7706544";;
2022-09-22;;2022-09-22;2022-09-22;HAT;-25.00;;;772.70;9947265TO0479086;"STAE STAE STAE 7240,CONGE ARAMISI";"Experum ut cere";"Divitus by. 74041235038428510051, Vetum: T-Gavitam omulegangini, Liquaddulla by. 4760812HJ1275422";;
2022-09-21;20:31:32;2022-09-23;2022-09-21;HAT;-47.72;;;797.70;9930766BN0433503;"Cocultinsa Minvate xxx,154 Secunguli";"18264075-0 07/24, Debit card payment";"Cere liquaddulla plebis: -5772.63 AUT, Loccinis file: 8.810474, Vetum: ICA Bonte Cere experum - deiuva -5.63 HAT, Liquaddulla by. 7838056ME0051817";;
2022-09-21;;2022-09-21;2022-09-21;HAT;-30.00;;;845.42;9947264TO9619515;"STAE STAE STAE 7240,CONGE ARAMISI";"Experum ut cere";"Divitus by. 74041235038428510051, Vetum: T-Gavitam omulegangini, Liquaddulla by. 7336061MP7477668";;
2022-09-20;12:02:56;2022-09-22;2022-09-20;HAT;-22.69;;;875.42;9930765BN9449440;"Suaeresub cect,154 Secunguli";"18264075-0 07/24, Debit card payment";"Cere liquaddulla plebis: -5664.63 AUT, Loccinis file: 8.328431, Vetum: ICA Bonte Cere experum - deiuva -5.63 HAT, Liquaddulla by. 4233661OQ2676647";;
2022-09-20;;2022-09-22;2022-09-20;HAT;-13.44;;;898.11;9930765BN9469472;"Pugantra,154 Secunguli";"18264075-0 07/24, Debit card payment";"Cere liquaddulla plebis: -2681.63 AUT, Loccinis file: 8.435758, Vetum: ICA Bonte Cere experum - deiuva -5.63 HAT, Liquaddulla by. 5757670XH0376416";;
2022-09-20;17:52:28;2022-09-23;2022-09-20;HAT;-10.40;;;911.55;9930766BN0383942;"Sant Lucius Sant Cect,412 Inatuunis";"18264075-0 07/24, Debit card payment";"Cere liquaddulla plebis: -8603.63 AUT, Loccinis file: 8.832235, Vetum: ICA Bonte Cere experum - deiuva -5.63 HAT, Liquaddulla by. 4053223AG8166060";;
2022-09-19;;2022-09-21;2022-09-19;HAT;-29.12;;;921.95;9930764BN8516801;"Potatinver xxx.,567 SUREDDE";"18264075-0 07/24, Debit card payment";"Cere liquaddulla plebis: -3373.63 AUT, Loccinis file: 8.325178, Vetum: ICA Bonte Cere experum - deiuva -5.63 HAT, Liquaddulla by. 2671872RQ7403005";;
2022-09-19;15:56:36;2022-09-21;2022-09-19;HAT;-12.53;;;951.07;9930764BN8530591;"Ierunti Iuncendente Si,451 Bonduell";"18264075-0 07/24, Debit card payment";"Cere liquaddulla plebis: -8711.63 AUT, Loccinis file: 8.362134, Vetum: ICA Bonte Cere experum - deiuva -5.63 HAT, Liquaddulla by. 2252262UA0000151";;
2022-09-18;;2022-09-20;2022-09-18;HAT;-7.48;;;963.60;9930763BN7578137;"R5 Pararverray,741 Pararverray";"18264075-0 07/24, Debit card payment";"Cere liquaddulla plebis: -768.63 AUT, Loccinis file: 8.56110, Vetum: ICA Bonte Cere experum - deiuva -5.63 HAT, Liquaddulla by. 6331282FV3544006";;
2022-09-16;20:14:21;2022-09-20;2022-09-16;HAT;-38.00;;;971.08;9930763BN7577468;"RIMUNTUS'B,8830 OSTERVUM";"18264075-0 07/24, Debit card payment";"Liquaddulla by. 7720502OF6466647";;
2022-09-16;20:23:01;2022-09-19;2022-09-16;HAT;-35.00;;;1009.08;9930761BN5941653;"RIMUNTUS'B,8830 OSTERVUM";"18264075-0 07/24, Debit card payment";"Liquaddulla by. 6565805AE2561518";;
2022-09-16;07:37:01;2022-09-19;2022-09-16;HAT;-2.30;;;1044.08;9930760BN5062004;"XXX Mulis Dipside Quaede,2325 Quaede";"18264075-0 07/24, Debit card payment";"Liquaddulla by. 1852772YU2522056";;
2022-09-16;17:12:22;2022-09-19;2022-09-16;HAT;-2.30;;;1046.38;9930760BN5785125;"XXX Rini. Pes. Dipside O,2325 Quaede";"18264075-0 07/24, Debit card payment";"Liquaddulla by. 7656801RH0508801";;
2022-09-16;07:56:16;2022-09-19;2022-09-16;HAT;-2.15;;;1048.68;9930761BN5992656;"Cest Sequadide,2304 Sequadide";"18264075-0 07/24, Debit card payment";"Liquaddulla by. 2180123PG3103065";;
2022-09-14;23:16:07;2022-09-16;2022-09-14;HAT;-28.70;;;1050.83;9930759BN4004759;"Pupata Cor Si Cat,2325 Quaede";"18264075-0 07/24, Debit card payment";"Liquaddulla by. 2870115XQ8322861";;
2022-09-13;;2022-09-13;2022-09-13;HAT;-8.00;;;1079.53;9947256TO5744546;"STAE STAE STAE 7240,CONGE ARAMISI";"Experum ut cere";"Divitus by. 74041235038428510051, Vetum: T-Gavitam omulegangini, Liquaddulla by. 3428174AU2423473";;
2022-09-11;12:27:49;2022-09-12;2022-09-11;HAT;-35.01;;;1087.53;9930755BN0679657;"Genterem Sevoludisi EX,5856 Viant";"18264075-0 07/24, Debit card payment";"Liquaddulla by. 8108870UR8137535";;
2022-09-10;21:08:41;2022-09-13;2022-09-10;HAT;-59.00;;;1122.54;9930756BN1121023;"SAMEA CUNE,2304 SEQUADIDE";"18264075-0 07/24, Debit card payment";"Liquaddulla by. 2741406OY7533626";;
2022-09-10;11:23:43;2022-09-12;2022-09-10;HAT;-42.00;;;1181.54;9930755BN0443826;"ModUs  *HART.CIREGI EX,6033 Quaede";"18264075-0 07/24, Debit card payment";"Liquaddulla by. 4023768XI4675557";;
2022-09-10;14:32:38;2022-09-12;2022-09-10;HAT;-11.95;;;1223.54;9930754BN0210069;"Casurino Cappost,6832 Volvesta";"18264075-0 07/24, Debit card payment";"Liquaddulla by. 2847078XT4355468";;
2022-09-10;;2022-09-12;2022-09-10;HAT;-6.00;;;1235.49;9947253TO4322099;"STAE STAE STAE 7240,CONGE ARAMISI";"Experum ut cere";"Divitus by. 74041235038428510051, Vetum: T-Gavitam omulegangini, Liquaddulla by. 8554264WW4113156";;
2022-09-09;17:56:00;2022-09-12;2022-09-09;HAT;-3.20;;;1241.49;9930753BN9198874;"Temprodisi mita,6832 Volvesta";"18264075-0 07/24, Debit card payment";"Liquaddulla by. 5662667EC7450310";;
2022-09-08;17:52:30;2022-09-09;2022-09-08;HAT;-135.00;;;1244.69;9930752BN8076216;"Frera AT,2325 Quaede";"18264075-0 07/24, Debit card payment";"Liquaddulla by. 1076476FD5734178";;
2022-09-07;21:23:29;2022-09-09;2022-09-07;HAT;-31.00;;;1379.69;9930752BN7301287;"SAMEA CUNE,2304 SEQUADIDE";"18264075-0 07/24, Debit card payment";"Liquaddulla by. 2128344AQ8746021";;
2022-09-05;;2022-09-05;2022-09-05;HAT;-13.20;;;1410.69;3070248TO8648912;"Crirabo Custate AT,Vestavaregmenticet 75u, 3132 Aduxere";"w-gavitam experum musta";"Habscrine by. RAT: 65 18133 34654 27246 41128 82763, Carsex ces experum: Putus 6 men arto etus, Divitus by. QUER: GX70 3167 2543 7700 4813 8, Vetum: T-Gavitam HAT conumqua, Liquaddulla by. 2845317XJ4742775";;
2022-09-05;13:02:14;2022-09-07;2022-09-05;HAT;-11.00;;;1423.89;9930750BN5294984;"ModUs  *Congun Aut EX,2304 Sequadide";"18264075-0 07/24, Debit card payment";"Liquaddulla by. 6648612JB3642587";;
2022-09-05;17:21:02;2022-09-06;2022-09-05;HAT;-2.30;;;1434.89;9930749BN5082020;"XXX Rini. Pes. Dipside O,2325 Quaede";"18264075-0 07/24, Debit card payment";"Liquaddulla by. 1483330PE5305575";;
2022-09-04;20:18:27;2022-09-05;2022-09-04;HAT;-35.01;;;1437.19;9930748BN4067830;"Coves Quaede Cem,8830 Ostervum";"18264075-0 07/24, Debit card payment";"Liquaddulla by. 1022400VQ6326781";;
2022-09-03;20:35:40;2022-09-05;2022-09-03;HAT;-20.00;;;1472.20;9930747BN3429480;"Ædiditam in Forsime,6408 Deretica";"18264075-0 07/24, Debit card payment";"Liquaddulla by. 7360784YX5152344";;
2022-09-03;20:03:47;2022-09-05;2022-09-03;HAT;-15.15;;;1492.20;9930747BN3406650;"Genterem Sevoludisi EX,5856 Viant";"18264075-0 07/24, Debit card payment";"Liquaddulla by. 6048858EH2766583";;
2022-09-02;20:14:01;2022-09-06;2022-09-02;HAT;-38.00;;;1507.35;9930749BN4199057;"RIMUNTUS'B,8830 OSTERVUM";"18264075-0 07/24, Debit card payment";"Liquaddulla by. 3744086GP2481477";;
2022-08-31;21:24:02;2022-09-01;2022-08-31;HAT;-67.00;;;1545.35;9930744BN0236943;"Potiunt & Grate Occulumn,2325 Quaede";"18264075-0 07/24, Debit card payment";"Liquaddulla by. 6580145DY8655208";;
2022-08-31;;2022-08-31;2022-08-31;HAT;-6.00;;;1612.35;BL56313JX3156445;"Intesta segmeta si colvent diffig";;"Liquaddulla by. BL56313JX3156445";;
2022-08-30;17:14:56;2022-09-01;2022-08-30;HAT;-6.75;;;1618.35;9930744BN9296750;"Cest Sequadide,2304 Sequadide";"18264075-0 07/24, Debit card payment";"Liquaddulla by. 1047487LY7844435";;
2022-08-30;17:26:27;2022-08-31;2022-08-30;HAT;-2.30;;;1625.10;9930743BN9177491;"XXX Rini. Pes. Dipside O,2325 Quaede";"18264075-0 07/24, Debit card payment";"Liquaddulla by. 1716730PT5071860";;
2022-08-29;;2022-08-29;2022-08-29;HAT;-1350.00;;;1627.40;9947239TO5585742;"Turum Silinsta,5871 Tequiniunt";"NES FIG, w-gavitam experum musta";"Divitus by. QUER: IH80 8776 8344 8654 F375 X, Vetum: T-Gavitam HAT conumqua, Liquaddulla by. 8223407UQ4408570";;
2022-08-29;;2022-08-29;2022-08-29;HAT;-381.40;;;2977.40;2570241TO5418915;"LUM (Andieta) AT Quitquaer Ampecet,Noviavitanetiava 23, 3483 Saliecter";"w-gavitam experum musta";"Habscrine by. RAT: 53 40366 18278 23420 65216 10528, Carsex ces experum: Omendem A Adunt, Divitus by. QUER: AS50 7148 7003 6676 6186 6, Vetum: T-Gavitam HAT conumqua, Liquaddulla by. 8636133EG8143221";;
2022-08-29;;2022-08-29;2022-08-29;HAT;-331.75;;;3358.80;3270241TO5419059;"Conieris AT,Prorororbitaviam 83, 8083 Inquor, UT";"w-gavitam experum musta";"Habscrine by. RAT: 63 30614 70354 55613 23825 53043, Divitus by. QUER: OI42 5664 4205 4146 6848 6, Vetum: T-Gavitam HAT conumqua, Liquaddulla by. 1500614PD7140050";;
2022-08-29;;2022-08-29;2022-08-29;HAT;-160.40;;;3690.55;2670241TO5418920;"Exspect ORE Pere,5575 Tequaedis (Ditulae)";"w-gavitam experum musta";"Habscrine by. RAT: 63 58328 14418 64571 65832 75527, Divitus by. QUER: XD08 5664 8831 8373 8340 8, Vetum: T-Gavitam HAT conumqua, Liquaddulla by. 3346873XU2448713";;
2022-08-29;;2022-08-29;2022-08-29;HAT;-78.75;;;3850.95;3170241TO5419043;"Duci Fuisus EX,Men os Periate 7, 1325 Vestam, UT";"w-gavitam experum musta";"Habscrine by. RAT: 63 12708 12708 12708 84854 12065, Divitus by. QUER: VV66 5664 4005 6730 6361 X, Vetum: T-Gavitam HAT conumqua, Liquaddulla by. 4288733PT4487217";;
2022-08-29;;2022-08-29;2022-08-29;HAT;-25.25;;;3929.70;2870241TO5418927;"Comerant (Andieta) AT,8104 Fili, UT";"w-gavitam experum musta";"Habscrine by. RAT: 63 70570 50102 65015 14450 64835, Carsex ces experum: Ingit, Liusta 2636, Divitus by. QUER: SS07 5664 1841 2281 3762 5, Vetum: T-Gavitam HAT conumqua, Liquaddulla by. 3810027QH0467733";;
2022-08-29;;2022-08-29;2022-08-29;HAT;-19.95;;;3954.95;3070241TO5418943;"Comerant (Andieta) AT,8104 Fili, UT";"w-gavitam experum musta";"Habscrine by. RAT: 63 70570 50102 26821 67707 54857, Carsex ces experum: Ingit, Liusta 2636, Divitus by. QUER: SS07 5664 1841 2281 3762 5, Vetum: T-Gavitam HAT conumqua, Liquaddulla by. 6725607PT0062816";;
2022-08-29;;2022-08-29;2022-08-29;HAT;-19.95;;;3974.90;2970241TO5418935;"Comerant (Andieta) AT,8104 Fili, UT";"w-gavitam experum musta";"Habscrine by. RAT: 63 70570 50102 37058 88741 61727, Carsex ces experum: Ingit, Liusta 2636, Divitus by. QUER: SS07 5664 1841 2281 3762 5, Vetum: T-Gavitam HAT conumqua, Liquaddulla by. 8745204UE0733585";;
2022-08-29;;2022-08-29;2022-08-29;HAT;-19.95;;;3994.85;2770241TO5418926;"Comerant (Andieta) AT,8104 Fili, UT";"w-gavitam experum musta";"Habscrine by. RAT: 63 70570 80174 55824 80787 16024, Carsex ces experum: Ingit, Liusta 2636, Divitus by. QUER: SS07 5664 1841 2281 3762 5, Vetum: T-Gavitam HAT conumqua, Liquaddulla by. 6001075YM1530584";;
2022-08-29;07:54:47;2022-08-31;2022-08-29;HAT;-2.85;;;4014.80;9930743BN8228304;"Cest Sequadide,2304 Sequadide";"18264075-0 07/24, Debit card payment";"Liquaddulla by. 1141834UC4078732";;
2022-08-29;17:23:31;2022-08-30;2022-08-29;HAT;-2.30;;;4017.65;9930742BN8113154;"XXX Rini. Pes. Dipside O,2325 Quaede";"18264075-0 07/24, Debit card payment";"Liquaddulla by. 8077475IL8016172";;
2022-08-29;13:15:46;2022-08-31;2022-08-29;HAT;-1.95;;;4019.95;9930743BN8228312;"Cest Sequadide,2304 Sequadide";"18264075-0 07/24, Debit card payment";"Liquaddulla by. 3825730DU8021584";;
2022-08-28;22:30:30;2022-08-29;2022-08-28;HAT;-60.00;;;4021.90;9930741BN7023344;"Frunc Rité me Conga Olvi,6261 Liarient p'Metrat";"18264075-0 07/24, Debit card payment";"Liquaddulla by. 1512532YR7635440";;
2022-08-27;;2022-08-29;2022-08-27;HAT;-500.00;;;4081.90;9947241TO5598850;"Conge Aramisi,6832 Volvesta";"APINTINE, w-gavitam experum musta";"Divitus by. 72260880660078C16621, Liquaddulla by. 5154518EV0646362";;
2022-08-27;12:52:03;2022-08-29;2022-08-27;HAT;-21.00;;;4581.90;9930740BN5973689;"Me Hostro EX,5535 Coniantus";"18264075-0 07/24, Debit card payment";"Liquaddulla by. 6566705RP7368844";;
2022-08-26;;2022-08-26;2022-08-26;HAT;-350.00;;;4602.90;9947738MC4808665;"Conge Aramisi,6832 Volvesta";"alursali musta Vente";"Divitus by. QUER: PL66 6285 1636 3338 30A8 T, Vetum: Lontem / bonte deanum, Liquaddulla by. 3772840PC3134732";;
2022-08-26;09:21:29;2022-08-29;2022-08-26;HAT;-225.00;;;4952.90;9930739BN5100158;"Pausum Oredebierum Sigar,2752 Longratea";"18264075-0 07/24, Debit card payment";"Liquaddulla by. 6281635YE2061810";;
2022-08-26;;2022-08-26;2022-08-26;HAT;-35.00;;;5177.90;9947238TO5107716;"STAE STAE STAE 7240,CONGE ARAMISI";"Experum ut cere";"Divitus by. 74041235038428510051, Vetum: T-Gavitam omulegangini, Liquaddulla by. 8245430MQ5646542";;
2022-08-26;09:05:42;2022-08-29;2022-08-26;HAT;-21.30;;;5212.90;9930739BN4160378;"Ines Longratea 10,2752 Longratea";"18264075-0 07/24, Debit card payment";"Liquaddulla by. 3855487JR7320760";;
2022-08-26;18:48:47;2022-08-29;2022-08-26;HAT;-12.60;;;5234.20;9930739BN5134524;"Inem-1653 Viant,5856 Viant";"18264075-0 07/24, Debit card payment";"Liquaddulla by. 6306300VN4780277";;
2022-08-26;;2022-08-26;2022-08-26;HAT;;332.00;;5246.80;9930738LK4923147;"Sevoluci Difilignis,6832 Volvesta";"lontem";"Carsex ces experum: Fortulacietis, Liquaddulla by. 3245711VA4011342";;
2022-08-26;;2022-08-26;2022-08-26;HAT;;4369.80;;4914.80;9999238ZC6626377;"actare.ut EX,Put vi Apost 8, UT/Sequadide 2304";"qualvo experum";"Carsex ces experum: QUALVO EXPERUM, Vetum: Quiustop SEX-experum, Liquaddulla by. 1201381MP2132574";;
2022-08-25;07:56:30;2022-08-29;2022-08-25;HAT;-2.85;;;545.00;9930740BN5276881;"Cest Sequadide,2304 Sequadide";"18264075-0 07/24, Debit card payment";"Liquaddulla by. 5265382IU0450110";;
2022-08-25;17:26:42;2022-08-26;2022-08-25;HAT;-2.30;;;547.85;9930738BN3748816;"XXX Rini. Pes. Dipside O,2325 Quaede";"18264075-0 07/24, Debit card payment";"Liquaddulla by. 1164806LV0187551";;
2022-08-25;;2022-08-25;2022-08-25;HAT;;260.00;;550.15;9947737LK4529099;"Patesta Aramisi,6408 Deretica";"lontem";"Carsex ces experum: Volucendita, Liquaddulla by. 7385714GU2766687";;
2022-08-24;22:25:20;2022-08-29;2022-08-24;HAT;-61.99;;;290.15;9930739BN3915438;"CLAVA TUNDIT FUN ME SI,23055 PILATE VOLVI";"18264075-0 07/24, Debit card payment";"Cere liquaddulla plebis: -70.63 PAR, Loccinis file: 8.680121, Vetum: ICA Bonte Cere experum - deiuva -5.78 HAT, Liquaddulla by. 6501480FK2347657";;
2022-08-23;18:57:25;2022-08-24;2022-08-23;HAT;-63.31;;;352.14;9930736BN1807534;"Tus Noveta,7077 Noveta";"18264075-0 07/24, Debit card payment";"Liquaddulla by. 2224345TY8126383";;
2022-08-23;21:18:22;2022-08-25;2022-08-23;HAT;-31.00;;;415.45;9930737BN2050048;"SAMEA CUNE,2304 SEQUADIDE";"18264075-0 07/24, Debit card payment";"Liquaddulla by. 5084238MF5566611";;
2022-08-22;17:16:47;2022-08-23;2022-08-22;HAT;-2.30;;;446.45;9930735BN1056625;"XXX Rini. Pes. Dipside O,2325 Quaede";"18264075-0 07/24, Debit card payment";"Liquaddulla by. 6121143SP4778021";;
2022-08-20;11:38:38;2022-08-22;2022-08-20;HAT;-40.10;;;448.75;9930733BN8964286;"Perimenera EX,5358 Intimum";"18264075-0 07/24, Debit card payment";"Liquaddulla by. 6184564HL1850635";;
2022-08-20;11:48:34;2022-08-22;2022-08-20;HAT;-28.90;;;488.85;9930733BN8938604;"Expect Intimum,5358 Intimum";"18264075-0 07/24, Debit card payment";"Liquaddulla by. 4245084ML5460840";;
2022-08-20;11:57:56;2022-08-22;2022-08-20;HAT;-23.85;;;517.75;9930733BN8963987;"Solo'x EX 62, Intimum,5358 Intimum";"18264075-0 07/24, Debit card payment";"Liquaddulla by. 2643014KT0771215";;
2022-08-20;11:23:09;2022-08-22;2022-08-20;HAT;-18.80;;;541.60;9930733BN8976357;"Minch-Dipto EX 7485,5358 Intimum";"18264075-0 07/24, Debit card payment";"Liquaddulla by. 4205125AE2025748";;
2022-08-19;12:50:12;2022-08-22;2022-08-19;HAT;-20.00;;;560.40;9930733BN8544416;"INIAVIT";"18264075-0 07/24, ATM Withdrawal";"Vetum: Lone pireventum os a dit-ICA XXX eo Resedere si Opiriangens (*w), Liquaddulla by. 2730577DV4267652";"(*w) Proris sum ut stantubet fores ces santabyssupa";
2022-08-19;07:58:08;2022-08-22;2022-08-19;HAT;-2.20;;;580.40;9930733BN8525578;"Cest Sequadide,2304 Sequadide";"18264075-0 07/24, Debit card payment";"Liquaddulla by. 8168822KN7568557";;
2022-08-18;19:33:09;2022-08-19;2022-08-18;HAT;-3.20;;;582.60;9930731BN7488945;"Caral Pascibi Viant,5856 Viant";"18264075-0 07/24, Debit card payment";"Liquaddulla by. 2761473YE7021664";;
2022-08-17;17:29:22;2022-08-18;2022-08-17;HAT;-25.00;;;585.80;9930730BN6321854;"Tanti UT EX (2670) Disus,6832 Volvesta";"18264075-0 07/24, Debit card payment";"Liquaddulla by. 1771524HC0341332";;
2022-08-16;22:52:25;2022-08-18;2022-08-16;HAT;-69.30;;;610.80;9930730BN5659363;"Pupata Cor Si Cat,2325 Quaede";"18264075-0 07/24, Debit card payment";"Liquaddulla by. 3863387TQ0512472";;
2022-08-16;08:00:09;2022-08-18;2022-08-16;HAT;-2.85;;;680.10;9930730BN5639008;"Cest Sequadide,2304 Sequadide";"18264075-0 07/24, Debit card payment";"Liquaddulla by. 6286205EQ1867376";;
2022-08-16;07:37:36;2022-08-17;2022-08-16;HAT;-2.30;;;682.95;9930729BN4799698;"XXX Mulis Dipside Quaede,2325 Quaede";"18264075-0 07/24, Debit card payment";"Liquaddulla by. 6756484HD3662166";;
2022-08-15;18:07:57;2022-08-16;2022-08-15;HAT;-40.70;;;685.25;9930728BN4456031;"Genterem Sevoludisi EX,5856 Viant";"18264075-0 07/24, Debit card payment";"Liquaddulla by. 4512124TA2082320";;
2022-08-14;16:34:32;2022-08-15;2022-08-14;HAT;-132.06;;;725.95;9930727BN3622307;"XXX,2752 Longratea";"18264075-0 07/24, Debit card payment";"Liquaddulla by. 4878720PU1457800";;
2022-08-14;20:54:15;2022-08-17;2022-08-14;HAT;-37.00;;;858.01;9930729BN4733646;"RIMUNTUS'B,8830 OSTERVUM";"18264075-0 07/24, Debit card payment";"Liquaddulla by. 5104026AP1073530";;
2022-08-14;17:01:51;2022-08-15;2022-08-14;HAT;-12.20;;;895.01;9930727BN3622282;"Men Vocum,2752 Longratea";"18264075-0 07/24, Debit card payment";"Liquaddulla by. 7708037DE7647804";;
2022-08-11;;2022-08-11;2022-08-11;HAT;-17.00;;;907.21;9947223TO6725066;"STAE STAE STAE 7240,CONGE ARAMISI";"Experum ut cere";"Divitus by. 74041235038428510051, Vetum: T-Gavitam omulegangini, Liquaddulla by. 4162803QM1660887";;
2022-08-09;18:37:03;2022-08-10;2022-08-09;HAT;-30.00;;;924.21;9930722BN8960731;"Inge genterem mituissa,5551 Atiusa";"18264075-0 07/24, Debit card payment";"Liquaddulla by. 7340080FC3176313";;
2022-08-08;17:25:57;2022-08-10;2022-08-08;HAT;-35.00;;;954.21;9930722BN8230888;"ModUs  *HART.CIREGI EX,6033 Quaede";"18264075-0 07/24, Debit card payment";"Liquaddulla by. 4046788KO1324461";;
2022-08-08;21:20:43;2022-08-09;2022-08-08;HAT;-5.95;;;989.21;9930721BN8092232;"Genterem Sevoludisi EX,5856 Viant";"18264075-0 07/24, Debit card payment";"Liquaddulla by. 2127835XH2715875";;
2022-08-08;17:31:22;2022-08-09;2022-08-08;HAT;-4.60;;;995.16;9930721BN7959401;"Frera AT,2325 Quaede";"18264075-0 07/24, Debit card payment";"Liquaddulla by. 1048727VU4825503";;
2022-08-08;12:55:25;2022-08-10;2022-08-08;HAT;-2.90;;;999.76;9930722BN8193942;"Cest Sequadide,2304 Sequadide";"18264075-0 07/24, Debit card payment";"Liquaddulla by. 8243700LF1051216";;
2022-08-08;07:53:13;2022-08-10;2022-08-08;HAT;-2.85;;;1002.66;9930722BN8193658;"Cest Sequadide,2304 Sequadide";"18264075-0 07/24, Debit card payment";"Liquaddulla by. 3057542RY0085144";;
2022-08-04;22:04:54;2022-08-08;2022-08-04;HAT;-72.00;;;1005.51;9930718BN4509279;"Potiunt & Grate Occulumn,2325 Quaede";"18264075-0 07/24, Debit card payment";"Liquaddulla by. 2561140FE6288503";;
2022-08-04;20:38:12;2022-08-05;2022-08-04;HAT;-30.02;;;1077.51;9930717BN4446066;"Magit Plam,2325 Quaede";"18264075-0 07/24, Debit card payment";"Liquaddulla by. 7262022XG4184616";;
2022-08-01;;2022-08-02;2022-08-01;HAT;;40.00;;1107.53;9930213GK1654437;"Difilignis, Sevoluci";"Lontem ICA PERTO";"Carsex ces experum: +43454353836, PERTO-Lia.:+17760050643, Liquaddulla by. 4046067OV8273500";;
2022-07-30;12:14:22;2022-08-02;2022-07-30;HAT;-69.00;;;1067.53;9930714BN0918457;"RIMUNTUS'B,8830 OSTERVUM";"18264075-0 07/24, Debit card payment";"Liquaddulla by. 5452630RV1302336";;
2022-07-30;09:28:42;2022-08-02;2022-07-30;HAT;-32.20;;;1136.53;9930714BN0871952;"VI FERIATURRA ME V. BY,6574 NANTUS";"18264075-0 07/24, Debit card payment";"Liquaddulla by. 5617510YP5355751";;
2022-07-30;09:50:43;2022-08-01;2022-07-30;HAT;-30.21;;;1168.73;9930712BN9356783;"Coves Tinteles,5510 Piscrite";"18264075-0 07/24, Debit card payment";"Liquaddulla by. 5321654DG0258024";;
2022-07-29;;2022-07-29;2022-07-31;HAT;-6.00;;;1198.94;AW21573OW8131063;"Intesta segmeta si colvent diffig";;"Liquaddulla by. AW21573OW8131063";;
2022-07-28;;2022-07-28;2022-07-28;HAT;-1350.00;;;1204.94;9947208TO9191506;"Turum Silinsta,5871 Tequiniunt";"NES XXX, w-gavitam experum musta";"Divitus by. QUER: IH80 8776 8344 8654 F375 X, Vetum: T-Gavitam HAT conumqua, Liquaddulla by. 2112271TA7208003";;
2022-07-28;;2022-07-28;2022-07-28;HAT;-381.40;;;2554.94;6170209TO6433023;"LUM (Andieta) AT Quitquaer Ampecet,Noviavitanetiava 23, 3483 Saliecter";"w-gavitam experum musta";"Habscrine by. RAT: 53 40366 18278 23420 65216 10528, Carsex ces experum: Omendem A Adunt, Divitus by. QUER: AS50 7148 7003 6676 6186 6, Vetum: T-Gavitam HAT conumqua, Liquaddulla by. 2202861FX2017136";;
2022-07-28;;2022-07-28;2022-07-28;HAT;-331.75;;;2936.34;7070209TO6433290;"Conieris AT,Prorororbitaviam 83, 8083 Inquor, UT";"w-gavitam experum musta";"Habscrine by. RAT: 63 30614 70354 55613 60526 63118, Divitus by. QUER: OI42 5664 4205 4146 6848 6, Vetum: T-Gavitam HAT conumqua, Liquaddulla by. 2667514XM6610468";;
2022-07-28;;2022-07-28;2022-07-28;HAT;-163.80;;;3268.09;6270209TO6433141;"Exspect ORE Pere,5575 Tequaedis (Ditulae)";"w-gavitam experum musta";"Habscrine by. RAT: 63 58328 14418 64571 74835 22062, Divitus by. QUER: XD08 5664 8831 8373 8340 8, Vetum: T-Gavitam HAT conumqua, Liquaddulla by. 3305466AI1306646";;
2022-07-28;;2022-07-28;2022-07-28;HAT;-108.35;;;3431.89;9947208TO9200212;"CES FORSIMULUVITUM AT,DIFICUCIES";"w-gavitam experum musta";"Habscrine by. 87 27283 87267 45234 51423 80855, Divitus by. 66-414617-8, Vetum: T-Gavitam HAT conumqua, Liquaddulla by. 3256622TE6041888";;
2022-07-28;;2022-07-28;2022-07-28;HAT;-89.30;;;3540.24;6770209TO6433234;"Duci Fuisus EX,Men os Periate 7, 1325 Vestam, UT";"w-gavitam experum musta";"Habscrine by. RAT: 63 12708 12708 12708 84854 12065, Divitus by. QUER: VV66 5664 4005 6730 6361 X, Vetum: T-Gavitam HAT conumqua, Liquaddulla by. 2854276PS3004311";;
2022-07-28;;2022-07-28;2022-07-28;HAT;-20.20;;;3629.54;6670209TO6433219;"Comerant (Andieta) AT,8104 Fili, UT";"w-gavitam experum musta";"Habscrine by. RAT: 63 70570 50102 37058 44612 71771, Carsex ces experum: Ingit Fuisus, Trimen 2636, Divitus by. QUER: SS07 5664 1841 2281 3762 5, Vetum: T-Gavitam HAT conumqua, Liquaddulla by. 7261660DH2547120";;
2022-07-28;;2022-07-28;2022-07-28;HAT;-19.95;;;3649.74;6370209TO6433158;"Comerant (Andieta) AT,8104 Fili, UT";"w-gavitam experum musta";"Habscrine by. RAT: 63 70570 80174 55824 40750 53506, Carsex ces experum: Ingit Fuisus, Trimen 2636, Divitus by. QUER: SS07 5664 1841 2281 3762 5, Vetum: T-Gavitam HAT conumqua, Liquaddulla by. 5151273AN2664340";;
2022-07-28;;2022-07-28;2022-07-28;HAT;-19.95;;;3669.69;6470209TO6433185;"Comerant (Andieta) AT,8104 Fili, UT";"w-gavitam experum musta";"Habscrine by. RAT: 63 70570 50102 65015 51633 20175, Carsex ces experum: Ingit Fuisus, Trimen 2636, Divitus by. QUER: SS07 5664 1841 2281 3762 5, Vetum: T-Gavitam HAT conumqua, Liquaddulla by. 3470545OB5284043";;
2022-07-28;;2022-07-28;2022-07-28;HAT;-19.95;;;3689.64;6570209TO6433206;"Comerant (Andieta) AT,8104 Fili, UT";"w-gavitam experum musta";"Habscrine by. RAT: 63 70570 50102 26821 42055 17616, Carsex ces experum: Ingit Fuisus, Trimen 2636, Divitus by. QUER: SS07 5664 1841 2281 3762 5, Vetum: T-Gavitam HAT conumqua, Liquaddulla by. 5743783VS0617006";;
