Cariet in fuino:;0247 00117886.40;
CAPH:;BI12 3100 7414 2416 2035 A;
Ret:;2022-07-28;
Si:;2022-11-07;
Simum uximorda:;3700.24;
Simum lation:;2215.89;
Terundianta et:;TEM;
Cariet in adiffilodem et perbit scillum:;195;

Data dell'operazione;Ora dell'operazione;Data di registrazione;Data di valuta;Moneta;Debit amount;Credit amount;Individual amount;Saldo;N. di transazione;Descrizione1;Descrizione2;Descrizione3;Note a piè di pagina;
2022-11-07;;2022-11-07;2022-11-07;TEM;-99.80;;;2215.89;1770311TO2672955;"Meniunis (Suractae) VI,Maxi Habyssidedertis 6, 3542 Aerna";"Cepate in consolest tam g-possica";"Decilausa vi. NUS: 35 47463 30382 81016 85544 75378, Experi in consolest: 2213 / Osit: 37.57.84 - 62.57.84 / Mendimus audio at: 75.64.4848, Sologit vi. CAPH: JA18 6457 3522 2051 7571 2, Suisi: B-Possica TEM Suractae, Offereganga vi. 6068584LN1841647";;
2022-11-07;;2022-11-07;2022-11-07;TEM;-52.10;;;2315.69;1670311TO2672937;"Meniunis (Suractae) VI,Maxi Habyssidedertis 6, 3542 Aerna";"Cepate in consolest tam g-possica";"Decilausa vi. NUS: 35 47463 30382 27465 62135 38521, Experi in consolest: 2213 / Osit: 37.80.84 - 16.80.84 / Mendimus audio at: 81.57.4848, Sologit vi. CAPH: JA18 6457 3522 2051 7571 2, Suisi: B-Possica TEM Suractae, Offereganga vi. 7510665VI0356053";;
2022-11-07;17:10:46;;2022-11-07;TEM;-4.35;;;2367.79;9999311BN1710030;"CERA SEPTEMPTO,SEPTEMPTO";"18264075-0 07/24, Pagamento carta di debito";"Offereganga vi. 7740420TJ8353344";;
2022-11-07;07:55:57;;2022-11-07;TEM;-2.70;;;2372.14;9999311BN0755924;"CERA SEPTEMPTO,SEPTEMPTO";"18264075-0 07/24, Pagamento carta di debito";"Offereganga vi. 3275420YO4320201";;
2022-11-07;17:21:52;;2022-11-07;TEM;-2.30;;;2374.84;9999311BN1721198;"POR SALL. SED. MANTUMN PARATE,PARATE";"18264075-0 07/24, Pagamento carta di debito";"Offereganga vi. 7518748DV2785407";;
2022-11-06;15:31:05;2022-11-07;2022-11-06;TEM;-6.80;;;2377.14;9930811BN5353554;"Parescro Tratiantro VI,6010 Recto";"18264075-0 07/24, Pagamento carta di debito";"Offereganga vi. 8740610YF3026752";;
2022-11-06;16:37:00;2022-11-07;2022-11-06;TEM;-5.00;;;2383.94;9930811BN5358212;"Oöut Rentula BY,4081 Divicum Semo";"18264075-0 07/24, Pagamento carta di debito";"Offereganga vi. 3778528RR3610380";;
2022-11-05;01:03:01;2022-11-07;2022-11-05;TEM;-32.40;;;2388.94;9930810BN3872076;"DEM ET PES,1164 Parate";"18264075-0 07/24, Pagamento carta di debito";"Offereganga vi. 4487251TM1584832";;
2022-11-04;22:31:00;2022-11-07;2022-11-04;TEM;-138.68;;;2421.34;9930810BN3897220;"MERE,24133 TORTUS AMIRE";"18264075-0 07/24, Pagamento carta di debito";"Inguisi reguilliquo tum pinti: -522.35 MEN, Poegment fuis: 7.750580, Suisi: Consolest PLE Cocta Solo sus'ingite -5.30 TEM, Offereganga vi. 4458026RY4362367";;
2022-11-04;19:44:16;2022-11-07;2022-11-04;TEM;-30.01;;;2560.02;9930809BN3754644;"Parescro Tratiantro VI,6010 Recto";"18264075-0 07/24, Pagamento carta di debito";"Offereganga vi. 6013260XR0687618";;
2022-11-02;;2022-11-02;2022-11-02;TEM;-69.90;;;2590.03;9947306TO6493694;"ETIS ETIS ETIS 7635,VENUM OBANDAM";"Consolest a xxx pinti";"Sologit vi. 84050341547652502740, Suisi: B-Possica harectia fuino-fuino, Offereganga vi. 4631476GT8242240";;
2022-11-02;19:26:21;2022-11-03;2022-11-02;TEM;-10.00;;;2659.93;9930807BN1470349;"DEM ET PES,1164 Parate";"18264075-0 07/24, Pagamento carta di debito";"Offereganga vi. 1666773IL8766175";;
2022-11-02;13:00:16;2022-11-04;2022-11-02;TEM;-1.95;;;2669.93;9930808BN1699456;"Cera Septempto,7457 Septempto";"18264075-0 07/24, Pagamento carta di debito";"Offereganga vi. 2104316JE8455505";;
2022-11-02;07:55:36;2022-11-04;2022-11-02;TEM;-0.65;;;2671.88;9930808BN1692390;"Cera Septempto,7457 Septempto";"18264075-0 07/24, Pagamento carta di debito";"Offereganga vi. 4588737HY1036576";;
2022-11-01;;2022-11-01;2022-11-01;TEM;;159.00;;2672.53;9930305GK5404335;"Beresceret, Quideium";"Plutubila PLE STELL";"Experi in consolest: +78200426687, STELL-Xxx.:+81236626535, Offereganga vi. 3376451DV7770866";;
2022-10-31;08:13:42;2022-11-02;2022-10-31;TEM;-7.60;;;2513.53;9930806BN9643739;"Cera Septempto,7457 Septempto";"18264075-0 07/24, Pagamento carta di debito";"Offereganga vi. 3341643DT0626572";;
2022-10-31;;2022-10-31;2022-10-31;TEM;-6.00;;;2521.13;TO88185VW1433444;"Suisi eis agnumeturaà in r/a";;"Offereganga vi. TO88185VW1433444";;
2022-10-31;17:09:00;2022-11-01;2022-10-31;TEM;-2.30;;;2527.13;9930805BN9558053;"POR Sall. Sed. Mantumn C,1164 Parate";"18264075-0 07/24, Pagamento carta di debito";"Offereganga vi. 6662650HG4505507";;
2022-10-29;22:32:01;2022-11-01;2022-10-29;TEM;-53.00;;;2529.43;9930805BN8594754;"MATUS SERUNT VI,1164 GRATUUNE";"18264075-0 07/24, Pagamento carta di debito";"Offereganga vi. 8051285RU3284272";;
2022-10-29;11:19:15;2022-10-31;2022-10-29;TEM;-30.00;;;2582.43;9930803BN7080856;"04690 Migrol Lugaggia,6953 Lugaggia";"18264075-0 07/24, Pagamento carta di debito";"Offereganga vi. 8684038XG2546405";;
2022-10-27;;2022-10-27;2022-10-27;TEM;-2644.50;;;2612.43;2270300TO6866978;"SEMONDI ADUSCURA B,FILONIS, 6275 SUPAUCIPIA";"Cepate in consolest tam g-possica";"Decilausa vi. NUS: 35 40021 30563 38878 52001 85301, Experi in consolest: ANEM. AUSTANT SHAESCIDE 3827, Sologit vi. CAPH: BN62 6457 3522 8716 3421 5, Suisi: B-Possica TEM Suractae, Offereganga vi. 6772184UV7824028";;
2022-10-27;;2022-10-27;2022-10-27;TEM;-1350.00;;;5256.93;1170300TO6866715;"LEGIT CEBRELLA,ET NOVENTEMOX 4147";"STA CANESPIA, Cepate in consolest tam g-possica";"Sologit vi. CAPH: TW21 3088 3402 3878 V883 I, Suisi: B-Possica TEM Suractae, Offereganga vi. 3451835FH1503571";;
2022-10-27;;2022-10-27;2022-10-27;TEM;-400.05;;;6606.93;2170300TO6866966;"SEMONDI ADUSCURA B,FILONIS, 6275 SUPAUCIPIA";"CERM IN SECUM, Cepate in consolest tam g-possica";"Decilausa vi. NUS: 35 40021 30563 38878 52001 30074, Experi in consolest: AUSTANT COMINIAM HAUXIMI 3827, Sologit vi. CAPH: GR48 6457 3522 8716 4384 3, Suisi: B-Possica TEM Suractae, Offereganga vi. 5540326MU0510100";;
2022-10-27;;2022-10-27;2022-10-27;TEM;-381.40;;;7006.98;1270300TO6866758;"XXX (Comnute) BY Plavivico Ceseper,Cabiliturunneine 45, 2337 Aespertis";"Cepate in consolest tam g-possica";"Decilausa vi. NUS: 22 81376 44021 48223 38451 27814, Experi in consolest: Varusta A Ponte, Sologit vi. CAPH: PS10 1031 3745 2367 8754 2, Suisi: B-Possica TEM Suractae, Offereganga vi. 4660180MK5516331";;
2022-10-27;;2022-10-27;2022-10-27;TEM;-331.75;;;7388.38;2070300TO6866951;"Pulavide BY,Aurinterunticita 51, 3047 Ocaput, ET";"Cepate in consolest tam g-possica";"Decilausa vi. NUS: 35 66033 24681 16016 56478 14183, Sologit vi. CAPH: KF64 6457 3522 8641 5583 2, Suisi: B-Possica TEM Suractae, Offereganga vi. 6627164UA3803067";;
2022-10-27;;2022-10-27;2022-10-27;TEM;-158.45;;;7720.13;1370300TO6866776;"Reletræ XXX Itto,4423 Expediunt (Austate)";"Cepate in consolest tam g-possica";"Decilausa vi. NUS: 35 30563 72033 16153 26110 23238, Sologit vi. CAPH: QH22 6457 3312 6758 2000 3, Suisi: B-Possica TEM Suractae, Offereganga vi. 5608734OK8127673";;
2022-10-27;;2022-10-27;2022-10-27;TEM;-114.90;;;7878.58;1970300TO6866933;"Mali Paribi VI,Xxx ut Anthore 1, 1447 Adduci, ET";"Cepate in consolest tam g-possica";"Decilausa vi. NUS: 35 40021 40021 40021 10062 61273, Sologit vi. CAPH: DP41 6457 6403 7527 5866 I, Suisi: B-Possica TEM Suractae, Offereganga vi. 4547550PP2186304";;
2022-10-27;;2022-10-27;2022-10-27;TEM;-23.80;;;7993.48;1470300TO6866807;"Meniunis (Comnute) BY,3542 Atra, ET";"Cepate in consolest tam g-possica";"Decilausa vi. NUS: 35 35857 12764 44672 71748 82702, Experi in consolest: Duere, Menstatem 4848, Sologit vi. CAPH: MV08 6457 1456 6301 7357 7, Suisi: B-Possica TEM Suractae, Offereganga vi. 1763320DH2860865";;
2022-10-27;;2022-10-27;2022-10-27;TEM;-21.65;;;8017.28;1570300TO6866821;"Meniunis (Comnute) BY,3542 Atra, ET";"Cepate in consolest tam g-possica";"Decilausa vi. NUS: 35 35857 12764 78628 66112 35500, Experi in consolest: Duere, Menstatem 4848, Sologit vi. CAPH: MV08 6457 1456 6301 7357 7, Suisi: B-Possica TEM Suractae, Offereganga vi. 3056524II6347052";;
2022-10-27;;2022-10-27;2022-10-27;TEM;-19.95;;;8038.93;1770300TO6866860;"Meniunis (Comnute) BY,3542 Atra, ET";"Cepate in consolest tam g-possica";"Decilausa vi. NUS: 35 35857 12764 46873 77702 51043, Experi in consolest: Duere, Menstatem 4848, Sologit vi. CAPH: MV08 6457 1456 6301 7357 7, Suisi: B-Possica TEM Suractae, Offereganga vi. 6054560RF7774750";;
2022-10-27;;2022-10-27;2022-10-27;TEM;-19.95;;;8058.88;1670300TO6866836;"Meniunis (Comnute) BY,3542 Atra, ET";"Cepate in consolest tam g-possica";"Decilausa vi. NUS: 35 35857 17455 32842 68788 54270, Experi in consolest: Duere, Menstatem 4848, Sologit vi. CAPH: MV08 6457 1456 6301 7357 7, Suisi: B-Possica TEM Suractae, Offereganga vi. 5800765PH0573583";;
2022-10-27;07:56:06;2022-10-31;2022-10-27;TEM;-0.65;;;8078.83;9930802BN5477196;"Cera Septempto,7457 Septempto";"18264075-0 07/24, Pagamento carta di debito";"Offereganga vi. 8784882MH8043452";;
2022-10-26;;2022-10-26;2022-10-26;TEM;-350.00;;;8079.48;9947799MC8346528;"Venum Obandam,8876 Cassugat";"cepate movengisse Pedde";"Sologit vi. CAPH: AW07 3100 7414 2416 75G3 B, Suisi: Comnum in plutubila / in dividede, Offereganga vi. 5817313CB1086008";;
2022-10-26;07:56:37;2022-10-28;2022-10-26;TEM;-2.85;;;8429.48;9930801BN4320207;"Cera Septempto,7457 Septempto";"18264075-0 07/24, Pagamento carta di debito";"Offereganga vi. 4163412OS6300333";;
2022-10-26;;2022-10-26;2022-10-26;TEM;;332.00;;8432.33;9930799LK8392827;"Quideium Beresceret,8876 Cassugat";"Quaddungine fortire";"Experi in consolest: Sceribultione, Offereganga vi. 8487475LV4468705";;
2022-10-26;;2022-10-26;2022-10-26;TEM;;3000.00;;8100.33;9947299TO1473534;"Venum Obandam,8876 Cassugat";"Plutubila";"Offereganga vi. 2574724WQ4187725";;
2022-10-25;;2022-10-25;2022-10-25;TEM;;260.00;;5100.33;9947798LK8184196;"Atubere Obandam,8172 Brestrum";"Quaddungine fortire";"Experi in consolest: Miunitursit, Offereganga vi. 1765858RK4660256";;
2022-10-25;;2022-10-25;2022-10-25;TEM;;4369.80;;4840.33;9999298ZC5922046;"minate.et VI,Tam et Visit 2, ET/Septempto 7457";"plutubila secendo";"Experi in consolest: DISSIT CENTEMO, Suisi: Cerbies consolest FER, Offereganga vi. 3784231LS6618118";;
2022-10-23;16:40:06;2022-10-24;2022-10-23;TEM;-3.85;;;470.53;9930797BN1061960;"Parescro Tratiantro VI,6010 Recto";"18264075-0 07/24, Pagamento carta di debito";"Offereganga vi. 1232441DH2748782";;
2022-10-22;11:09:35;2022-10-24;2022-10-22;TEM;-37.32;;;474.38;9930796BN9829310;"Parescro Tratiantro VI,6010 Recto";"18264075-0 07/24, Pagamento carta di debito";"Offereganga vi. 6043567DG5135370";;
2022-10-22;15:40:00;2022-10-24;2022-10-22;TEM;-18.25;;;511.70;9930796BN0533729;"Prit-6810 Recto,6010 Recto";"18264075-0 07/24, Pagamento carta di debito";"Offereganga vi. 3324856IB3871521";;
2022-10-18;21:20:30;2022-10-21;2022-10-18;TEM;-38.00;;;529.95;9930794BN7683507;"AUSTONUM'F,6437 PERURIPE";"18264075-0 07/24, Pagamento carta di debito";"Offereganga vi. 1234366UJ2554731";;
2022-10-15;15:42:22;2022-10-17;2022-10-15;TEM;-17.05;;;567.95;9930789BN4136552;"Quae Omnice 53,1164 Potartum";"18264075-0 07/24, Pagamento carta di debito";"Offereganga vi. 5503017TB2528716";;
2022-10-14;22:44:00;2022-10-17;2022-10-14;TEM;-84.22;;;585.00;9930789BN3242003;"MERE,24133 TORTUS AMIRE";"18264075-0 07/24, Pagamento carta di debito";"Inguisi reguilliquo tum pinti: -24.35 MEN, Poegment fuis: 3.830250, Suisi: Consolest PLE Cocta Solo sus'ingite -7.72 TEM, Offereganga vi. 7223418LW3400170";;
2022-10-13;;2022-10-13;2022-10-13;TEM;-1000.00;;;669.22;9947286TO3626440;"Venum Obandam,8876 Cassugat";"HARECTIA, Cepate in consolest tam g-possica";"Sologit vi. 30710341348573L47121, Offereganga vi. 3314064CG5530531";;
2022-10-12;13:21:02;2022-10-14;2022-10-12;TEM;-14.75;;;1669.22;9930787BN1134072;"Cera Septempto,7457 Septempto";"18264075-0 07/24, Pagamento carta di debito";"Offereganga vi. 5255500YK4640516";;
2022-10-12;07:57:24;2022-10-14;2022-10-12;TEM;-2.85;;;1683.97;9930787BN1134997;"Cera Septempto,7457 Septempto";"18264075-0 07/24, Pagamento carta di debito";"Offereganga vi. 4601023JO8508701";;
2022-10-12;07:36:32;2022-10-13;2022-10-12;TEM;-2.30;;;1686.82;9930786BN0249157;"POR Crire Mantumn Parate,1164 Parate";"18264075-0 07/24, Pagamento carta di debito";"Offereganga vi. 5744755RN1327501";;
2022-10-11;19:17:45;2022-10-12;2022-10-11;TEM;-300.00;;;1689.12;9930785BN0080964;"UT Cassugat";"18264075-0 07/24, Prelevamento Bancomat";"Suisi: Petterasulat in navicies si Speripse in tudica eores/Nassupar et Suractae (*g), Offereganga vi. 2317515VH0852165";"(*g) Orminque eis tam lis ficita in conditudo eis adiffilodem";
2022-10-10;07:57:25;2022-10-12;2022-10-10;TEM;-2.85;;;1989.12;9930785BN9206042;"Cera Septempto,7457 Septempto";"18264075-0 07/24, Pagamento carta di debito";"Offereganga vi. 5112663FW8064857";;
2022-10-10;17:10:43;2022-10-11;2022-10-10;TEM;-2.30;;;1991.97;9930784BN9131068;"POR Sall. Sed. Mantumn C,1164 Parate";"18264075-0 07/24, Pagamento carta di debito";"Offereganga vi. 5062021QQ0604462";;
2022-10-09;00:20:23;2022-10-10;2022-10-09;TEM;-15.00;;;1994.27;9930783BN7824537;"Reps Pervo VI,4506 Comerow-Putiuva";"18264075-0 07/24, Pagamento carta di debito";"Offereganga vi. 7541816GL5041363";;
2022-10-08;11:15:28;2022-10-10;2022-10-08;TEM;-80.30;;;2009.27;9930782BN7026096;"Suus & Zucum Requens,5846 Requens";"18264075-0 07/24, Pagamento carta di debito";"Offereganga vi. 6564156CG2718103";;
2022-10-08;11:00:16;2022-10-10;2022-10-08;TEM;-69.95;;;2089.57;9930782BN6723476;"Eorow Catis Requens,5846 Requens";"18264075-0 07/24, Pagamento carta di debito";"Offereganga vi. 2760200XT8450524";;
2022-10-08;23:07:04;2022-10-11;2022-10-08;TEM;-47.50;;;2159.52;9930784BN8222251;"MATUS SERUNT VI,1164 GRATUUNE";"18264075-0 07/24, Pagamento carta di debito";"Offereganga vi. 7876683CG4484812";;
2022-10-08;18:12:44;2022-10-10;2022-10-08;TEM;-39.95;;;2207.02;9930782BN7536057;"Quae Omnice 53,1164 Potartum";"18264075-0 07/24, Pagamento carta di debito";"Offereganga vi. 7270143HK2572847";;
2022-10-08;16:21:49;2022-10-10;2022-10-08;TEM;-38.40;;;2246.97;9930782BN7284975;"Plento parescro meruncto,6884 Cesere";"18264075-0 07/24, Pagamento carta di debito";"Offereganga vi. 1352418XY8637761";;
2022-10-08;15:39:46;2022-10-10;2022-10-08;TEM;-5.00;;;2285.37;9930782BN7302070;"Oöut Rentula BY,4081 Divicum Semo";"18264075-0 07/24, Pagamento carta di debito";"Offereganga vi. 6365331TA0278621";;
2022-10-07;13:29:51;2022-10-10;2022-10-07;TEM;-11.00;;;2290.37;9930782BN6498195;"SalEs  *Cariet Ple VI,7457 Septempto";"18264075-0 07/24, Pagamento carta di debito";"Offereganga vi. 8656025MA6266177";;
2022-10-07;17:40:11;2022-10-10;2022-10-07;TEM;-2.30;;;2301.37;9930781BN6328071;"POR Sall. Sed. Mantumn C,1164 Parate";"18264075-0 07/24, Pagamento carta di debito";"Offereganga vi. 1133222CU8132366";;
2022-10-05;21:22:40;2022-10-07;2022-10-05;TEM;-16.00;;;2303.67;9930780BN4358849;"CAPOR LINO,7457 SEPTEMPTO";"18264075-0 07/24, Pagamento carta di debito";"Offereganga vi. 8500403VR2753422";;
2022-10-03;13:23:28;2022-10-05;2022-10-03;TEM;-7.60;;;2319.67;9930778BN2320208;"SalEs  *Cariet Ple VI,7457 Septempto";"18264075-0 07/24, Pagamento carta di debito";"Offereganga vi. 6863381QV5863787";;
2022-10-03;17:08:44;2022-10-04;2022-10-03;TEM;-2.30;;;2327.27;9930777BN2141170;"POR Sall. Sed. Mantumn C,1164 Parate";"18264075-0 07/24, Pagamento carta di debito";"Offereganga vi. 1475382NI3004700";;
2022-10-02;;2022-10-03;2022-10-02;TEM;-40.00;;;2329.57;9947275TO7350252;"ETIS ETIS ETIS 7635,VENUM OBANDAM";"Consolest a xxx pinti";"Sologit vi. 84050341547652502740, Suisi: B-Possica harectia fuino-fuino, Offereganga vi. 1577616QX8562055";;
2022-10-01;13:40:15;2022-10-04;2022-10-01;TEM;-36.00;;;2369.57;9930777BN1222452;"ET VEMPLIGERE IN N. EO,6884 CESERE";"18264075-0 07/24, Pagamento carta di debito";"Offereganga vi. 8706615JE4211761";;
2022-09-30;22:42:00;2022-10-03;2022-09-30;TEM;-204.63;;;2405.57;9930775BN9644309;"MERE,24133 TORTUS AMIRE";"18264075-0 07/24, Pagamento carta di debito";"Inguisi reguilliquo tum pinti: -115.35 MEN, Poegment fuis: 3.378843, Suisi: Consolest PLE Cocta Solo sus'ingite -1.37 TEM, Offereganga vi. 7874124TN7523124";;
2022-09-30;17:43:05;2022-10-03;2022-09-30;TEM;-35.00;;;2610.20;9930775BN9537029;"SalEs  *FORA.COLUMN VI,7423 Parate";"18264075-0 07/24, Pagamento carta di debito";"Offereganga vi. 5226047OE7326438";;
2022-09-30;;2022-09-30;2022-09-30;TEM;-6.00;;;2645.20;SY78633QU1002102;"Suisi eis agnumeturaà in r/a";;"Offereganga vi. SY78633QU1002102";;
2022-09-30;17:48:48;2022-10-03;2022-09-30;TEM;-2.95;;;2651.20;9930774BN9423682;"Senes BY,1164 Parate";"18264075-0 07/24, Pagamento carta di debito";"Offereganga vi. 4322438RD5778817";;
2022-09-28;12:48:24;2022-09-30;2022-09-28;TEM;-20.00;;;2654.15;9930773BN7311676;"AUXIMOX";"18264075-0 07/24, Prelevamento Bancomat";"Suisi: Petterasulat in navicies si Speripse in tudica eores/Nassupar et Suractae (*g), Offereganga vi. 3143401RW7067257";"(*g) Orminque eis tam lis ficita in conditudo eis adiffilodem";
2022-09-27;13:32:48;2022-09-29;2022-09-27;TEM;-5.35;;;2674.15;9930772BN6316543;"Cera Septempto,7457 Septempto";"18264075-0 07/24, Pagamento carta di debito";"Offereganga vi. 4100642VO1206106";;
2022-09-27;16:39:42;2022-09-28;2022-09-27;TEM;-2.30;;;2679.50;9930771BN6222323;"POR Sall. Sed. Mantumn C,1164 Parate";"18264075-0 07/24, Pagamento carta di debito";"Offereganga vi. 2400353DU1812314";;
2022-09-26;;2022-09-26;2022-09-26;TEM;-1350.00;;;2681.80;9947267TO1762930;"Legit Cebrella,4147 Noventemox";"STA QUO, Cepate in consolest tam g-possica";"Sologit vi. CAPH: TW21 3088 3402 3878 V883 I, Suisi: B-Possica TEM Suractae, Offereganga vi. 2360717RW6583408";;
2022-09-26;;2022-09-26;2022-09-26;TEM;-381.40;;;4031.80;3370269TO4403559;"XXX (Comnute) BY Plavivico Ceseper,Cabiliturunneine 45, 2337 Aespertis";"Cepate in consolest tam g-possica";"Decilausa vi. NUS: 22 81376 44021 48223 38451 27814, Experi in consolest: Varusta A Ponte, Sologit vi. CAPH: PS10 1031 3745 2367 8754 2, Suisi: B-Possica TEM Suractae, Offereganga vi. 6828421JW6434886";;
2022-09-26;;2022-09-26;2022-09-26;TEM;-350.00;;;4413.20;9947769MC6494849;"Venum Obandam,8876 Cassugat";"cepate movengisse Pedde";"Sologit vi. CAPH: AW07 3100 7414 2416 75G3 B, Suisi: Comnum in plutubila / in dividede, Offereganga vi. 1378750VX2041666";;
2022-09-26;;2022-09-26;2022-09-26;TEM;-331.75;;;4763.20;4070269TO4404083;"Pulavide BY,Aurinterunticita 51, 3047 Ocaput, ET";"Cepate in consolest tam g-possica";"Decilausa vi. NUS: 35 66033 24681 17787 13882 46826, Sologit vi. CAPH: KF64 6457 3522 8641 5583 2, Suisi: B-Possica TEM Suractae, Offereganga vi. 2081127NO8573018";;
2022-09-26;;2022-09-26;2022-09-26;TEM;-158.60;;;5094.95;3470269TO4403730;"Reletræ XXX Itto,4423 Expediunt (Austate)";"Cepate in consolest tam g-possica";"Decilausa vi. NUS: 35 30563 72033 16153 67483 56654, Sologit vi. CAPH: QH22 6457 3312 6758 2000 3, Suisi: B-Possica TEM Suractae, Offereganga vi. 7316082FV5045345";;
2022-09-26;;2022-09-26;2022-09-26;TEM;-76.40;;;5253.55;3970269TO4404065;"Mali Paribi VI,Xxx ut Anthore 1, 1447 Adduci, ET";"Cepate in consolest tam g-possica";"Decilausa vi. NUS: 35 40021 40021 40021 10062 61273, Sologit vi. CAPH: DP41 6457 6403 7527 5866 I, Suisi: B-Possica TEM Suractae, Offereganga vi. 5476313QM3120623";;
2022-09-26;;2022-09-26;2022-09-26;TEM;-21.00;;;5329.95;3570269TO4403751;"Meniunis (Comnute) BY,3542 Atra, ET";"Cepate in consolest tam g-possica";"Decilausa vi. NUS: 35 35857 12764 44672 24144 42825, Experi in consolest: Duere, Humnis 4848, Sologit vi. CAPH: MV08 6457 1456 6301 7357 7, Suisi: B-Possica TEM Suractae, Offereganga vi. 2471828MM8007257";;
2022-09-26;;2022-09-26;2022-09-26;TEM;-20.35;;;5350.95;3870269TO4403821;"Meniunis (Comnute) BY,3542 Atra, ET";"Cepate in consolest tam g-possica";"Decilausa vi. NUS: 35 35857 17455 32842 56771 76260, Experi in consolest: Duere, Humnis 4848, Sologit vi. CAPH: MV08 6457 1456 6301 7357 7, Suisi: B-Possica TEM Suractae, Offereganga vi. 8548145EL4553280";;
2022-09-26;;2022-09-26;2022-09-26;TEM;-19.95;;;5371.30;3670269TO4403764;"Meniunis (Comnute) BY,3542 Atra, ET";"Cepate in consolest tam g-possica";"Decilausa vi. NUS: 35 35857 12764 78628 56348 23238, Experi in consolest: Duere, Humnis 4848, Sologit vi. CAPH: MV08 6457 1456 6301 7357 7, Suisi: B-Possica TEM Suractae, Offereganga vi. 4463888RR5166508";;
2022-09-26;;2022-09-26;2022-09-26;TEM;-19.95;;;5391.25;3770269TO4403788;"Meniunis (Comnute) BY,3542 Atra, ET";"Cepate in consolest tam g-possica";"Decilausa vi. NUS: 35 35857 12764 46873 82336 13331, Experi in consolest: Duere, Humnis 4848, Sologit vi. CAPH: MV08 6457 1456 6301 7357 7, Suisi: B-Possica TEM Suractae, Offereganga vi. 3041062IQ3504537";;
2022-09-26;17:39:18;2022-09-27;2022-09-26;TEM;-2.30;;;5411.20;9930770BN5166064;"POR Sall. Sed. Mantumn C,1164 Parate";"18264075-0 07/24, Pagamento carta di debito";"Offereganga vi. 7628235KC1217886";;
2022-09-26;;2022-09-26;2022-09-26;TEM;;332.00;;5413.50;9930769LK6569030;"Quideium Beresceret,8876 Cassugat";"Quaddungine fortire";"Experi in consolest: Sceribultione, Offereganga vi. 7501200YV7156265";;
2022-09-25;19:20:14;2022-09-28;2022-09-25;TEM;-76.00;;;5081.50;9930771BN5330378;"AUSTONUM'F,6437 PERURIPE";"18264075-0 07/24, Pagamento carta di debito";"Offereganga vi. 7223343NN0261563";;
2022-09-25;16:18:43;2022-09-26;2022-09-25;TEM;-9.45;;;5157.50;9930769BN3961844;"Parescro Tratiantro VI,6010 Recto";"18264075-0 07/24, Pagamento carta di debito";"Offereganga vi. 7020300MO4804848";;
2022-09-24;;2022-09-26;2022-09-24;TEM;-102.00;;;5166.95;9947267TO1751525;"ETIS ETIS ETIS 7635,VENUM OBANDAM";"Consolest a xxx pinti";"Sologit vi. 84050341547652502740, Suisi: B-Possica harectia fuino-fuino, Offereganga vi. 1032217VY0510211";;
2022-09-24;;2022-09-26;2022-09-24;TEM;-50.00;;;5268.95;9947267TO1802267;"ETIS ETIS ETIS 7635,VENUM OBANDAM";"Consolest a xxx pinti";"Sologit vi. 84050341547652502740, Suisi: B-Possica harectia fuino-fuino, Offereganga vi. 4126542FG3175466";;
2022-09-24;20:46:34;2022-09-27;2022-09-24;TEM;-31.00;;;5318.95;9930770BN4208682;"CAPOR LINO,7457 SEPTEMPTO";"18264075-0 07/24, Pagamento carta di debito";"Offereganga vi. 6756624UB7651334";;
2022-09-23;15:39:30;2022-09-26;2022-09-23;TEM;-43.20;;;5349.95;9930767BN2051973;"Aneisé Matumento VI,6010 Recto";"18264075-0 07/24, Pagamento carta di debito";"Offereganga vi. 7215752CF5672484";;
2022-09-23;;2022-09-23;2022-09-23;TEM;;260.00;;5393.15;9947766LK6325315;"Atubere Obandam,8172 Brestrum";"Quaddungine fortire";"Experi in consolest: Miunitursit, Offereganga vi. 2282280SY4801845";;
2022-09-23;;2022-09-23;2022-09-23;TEM;;4369.80;;5133.15;9999266ZC5522155;"minate.et VI,Tam et Visit 2, ET/Septempto 7457";"plutubila secendo";"Experi in consolest: DISSIT CENTEMO, Suisi: Cerbies consolest FER, Offereganga vi. 4770326TY3683670";;
2022-09-22;;2022-09-22;2022-09-22;TEM;-25.00;;;763.35;9947265TO0479086;"ETIS ETIS ETIS 7635,VENUM OBANDAM";"Consolest a xxx pinti";"Sologit vi. 84050341547652502740, Suisi: B-Possica harectia fuino-fuino, Offereganga vi. 2813383TP4518262";;
2022-09-21;20:31:32;2022-09-23;2022-09-21;TEM;-47.72;;;788.35;9930766BN0433503;"Somnianest Lamplae pem,380 Eseceatum";"18264075-0 07/24, Pagamento carta di debito";"Inguisi reguilliquo tum pinti: -3377.35 XXX, Poegment fuis: 3.756084, Suisi: Consolest PLE Cocta Solo sus'ingite -7.35 TEM, Offereganga vi. 4228464XY4201763";;
2022-09-21;;2022-09-21;2022-09-21;TEM;-30.00;;;836.07;9947264TO9619515;"ETIS ETIS ETIS 7635,VENUM OBANDAM";"Consolest a xxx pinti";"Sologit vi. 84050341547652502740, Suisi: B-Possica harectia fuino-fuino, Offereganga vi. 4716704XB0485620";;
2022-09-20;12:02:56;2022-09-22;2022-09-20;TEM;-22.69;;;866.07;9930765BN9449440;"Stquaddus funt,380 Eseceatum";"18264075-0 07/24, Pagamento carta di debito";"Inguisi reguilliquo tum pinti: -6457.35 XXX, Poegment fuis: 3.835742, Suisi: Consolest PLE Cocta Solo sus'ingite -7.35 TEM, Offereganga vi. 5758672TE4060574";;
2022-09-20;;2022-09-22;2022-09-20;TEM;-13.44;;;888.76;9930765BN9469472;"Rissusta,380 Eseceatum";"18264075-0 07/24, Pagamento carta di debito";"Inguisi reguilliquo tum pinti: -5450.35 XXX, Poegment fuis: 3.521258, Suisi: Consolest PLE Cocta Solo sus'ingite -7.35 TEM, Offereganga vi. 1075816PX0232683";;
2022-09-20;17:52:28;2022-09-23;2022-09-20;TEM;-10.40;;;902.20;9930766BN0383942;"Flus Aquada Flus Funt,676 Aluvimone";"18264075-0 07/24, Pagamento carta di debito";"Inguisi reguilliquo tum pinti: -3465.35 XXX, Poegment fuis: 3.228281, Suisi: Consolest PLE Cocta Solo sus'ingite -7.35 TEM, Offereganga vi. 3543880HA5234023";;
2022-09-19;;2022-09-21;2022-09-19;TEM;-29.12;;;912.60;9930764BN8516801;"Rethorbile pem.,684 BRUNGIT";"18264075-0 07/24, Pagamento carta di debito";"Inguisi reguilliquo tum pinti: -7631.35 XXX, Poegment fuis: 3.284116, Suisi: Consolest PLE Cocta Solo sus'ingite -7.35 TEM, Offereganga vi. 7568435HG0736231";;
2022-09-19;15:56:36;2022-09-21;2022-09-19;TEM;-12.53;;;941.72;9930764BN8530591;"Semplum Probaneiunt In,825 Sciditto";"18264075-0 07/24, Pagamento carta di debito";"Inguisi reguilliquo tum pinti: -1612.35 XXX, Poegment fuis: 3.118026, Suisi: Consolest PLE Cocta Solo sus'ingite -7.35 TEM, Offereganga vi. 1613434CS7455271";;
2022-09-18;;2022-09-20;2022-09-18;TEM;-7.48;;;954.25;9930763BN7578137;"O1 Pridervirem,342 Pridervirem";"18264075-0 07/24, Pagamento carta di debito";"Inguisi reguilliquo tum pinti: -224.35 XXX, Poegment fuis: 3.10125, Suisi: Consolest PLE Cocta Solo sus'ingite -7.35 TEM, Offereganga vi. 8845534FR3428480";;
2022-09-16;20:14:21;2022-09-20;2022-09-16;TEM;-38.00;;;961.73;9930763BN7577468;"AUSTONUM'F,6437 PERURIPE";"18264075-0 07/24, Pagamento carta di debito";"Offereganga vi. 8730531RO0678367";;
2022-09-16;20:23:01;2022-09-19;2022-09-16;TEM;-35.00;;;999.73;9930761BN5941653;"AUSTONUM'F,6437 PERURIPE";"18264075-0 07/24, Pagamento carta di debito";"Offereganga vi. 5181736FR3361100";;
2022-09-16;07:37:01;2022-09-19;2022-09-16;TEM;-2.30;;;1034.73;9930760BN5062004;"POR Crire Mantumn Parate,1164 Parate";"18264075-0 07/24, Pagamento carta di debito";"Offereganga vi. 7425686HE7703538";;
2022-09-16;17:12:22;2022-09-19;2022-09-16;TEM;-2.30;;;1037.03;9930760BN5785125;"POR Sall. Sed. Mantumn C,1164 Parate";"18264075-0 07/24, Pagamento carta di debito";"Offereganga vi. 1355643KM1644784";;
2022-09-16;07:56:16;2022-09-19;2022-09-16;TEM;-2.15;;;1039.33;9930761BN5992656;"Cera Septempto,7457 Septempto";"18264075-0 07/24, Pagamento carta di debito";"Offereganga vi. 2486713HX3642331";;
2022-09-14;23:16:07;2022-09-16;2022-09-14;TEM;-28.70;;;1041.48;9930759BN4004759;"Adunum Dem Et Pes,1164 Parate";"18264075-0 07/24, Pagamento carta di debito";"Offereganga vi. 2555844BT6417788";;
2022-09-13;;2022-09-13;2022-09-13;TEM;-8.00;;;1070.18;9947256TO5744546;"ETIS ETIS ETIS 7635,VENUM OBANDAM";"Consolest a xxx pinti";"Sologit vi. 84050341547652502740, Suisi: B-Possica harectia fuino-fuino, Offereganga vi. 7044085JJ0731760";;
2022-09-11;12:27:49;2022-09-12;2022-09-11;TEM;-35.01;;;1078.18;9930755BN0679657;"Parescro Tratiantro VI,6010 Recto";"18264075-0 07/24, Pagamento carta di debito";"Offereganga vi. 5732014DP4318868";;
2022-09-10;21:08:41;2022-09-13;2022-09-10;TEM;-59.00;;;1113.19;9930756BN1121023;"CAPOR LINO,7457 SEPTEMPTO";"18264075-0 07/24, Pagamento carta di debito";"Offereganga vi. 6786804BA4718644";;
2022-09-10;11:23:43;2022-09-12;2022-09-10;TEM;-42.00;;;1172.19;9930755BN0443826;"SalEs  *FORA.COLUMN VI,7423 Parate";"18264075-0 07/24, Pagamento carta di debito";"Offereganga vi. 8348580RF5448761";;
2022-09-10;14:32:38;2022-09-12;2022-09-10;TEM;-11.95;;;1214.19;9930754BN0210069;"Maximine Pautata,8876 Cassugat";"18264075-0 07/24, Pagamento carta di debito";"Offereganga vi. 4563406TQ7376406";;
2022-09-10;;2022-09-12;2022-09-10;TEM;-6.00;;;1226.14;9947253TO4322099;"ETIS ETIS ETIS 7635,VENUM OBANDAM";"Consolest a xxx pinti";"Sologit vi. 84050341547652502740, Suisi: B-Possica harectia fuino-fuino, Offereganga vi. 4041068GE6677863";;
2022-09-09;17:56:00;2022-09-12;2022-09-09;TEM;-3.20;;;1232.14;9930753BN9198874;"Ventuuntus ment,8876 Cassugat";"18264075-0 07/24, Pagamento carta di debito";"Offereganga vi. 1005516JU6280070";;
2022-09-08;17:52:30;2022-09-09;2022-09-08;TEM;-135.00;;;1235.34;9930752BN8076216;"Senes BY,1164 Parate";"18264075-0 07/24, Pagamento carta di debito";"Offereganga vi. 5066342EB0847752";;
2022-09-07;21:23:29;2022-09-09;2022-09-07;TEM;-31.00;;;1370.34;9930752BN7301287;"CAPOR LINO,7457 SEPTEMPTO";"18264075-0 07/24, Pagamento carta di debito";"Offereganga vi. 2062886SQ2313871";;
2022-09-05;;2022-09-05;2022-09-05;TEM;-13.20;;;1401.34;3070248TO8648912;"Tubento Lumendo BY,Versimulcenifictus 44w, 3687 Loneret";"Cepate in consolest tam g-possica";"Decilausa vi. NUS: 48 71806 40665 24353 74476 10864, Experi in consolest: Diuva 6 dea adeo numn, Sologit vi. CAPH: PI05 8237 8443 8160 7201 3, Suisi: B-Possica TEM Suractae, Offereganga vi. 2304254RC3825655";;
2022-09-05;13:02:14;2022-09-07;2022-09-05;TEM;-11.00;;;1414.54;9930750BN5294984;"SalEs  *Cariet Ple VI,7457 Septempto";"18264075-0 07/24, Pagamento carta di debito";"Offereganga vi. 4238035HG7810347";;
2022-09-05;17:21:02;2022-09-06;2022-09-05;TEM;-2.30;;;1425.54;9930749BN5082020;"POR Sall. Sed. Mantumn C,1164 Parate";"18264075-0 07/24, Pagamento carta di debito";"Offereganga vi. 8342138MY1072221";;
2022-09-04;20:18:27;2022-09-05;2022-09-04;TEM;-35.01;;;1427.84;9930748BN4067830;"Harum Parate Xxx,6437 Peruripe";"18264075-0 07/24, Pagamento carta di debito";"Offereganga vi. 5252880BU2653625";;
2022-09-03;20:35:40;2022-09-05;2022-09-03;TEM;-20.00;;;1462.85;9930747BN3429480;"Santarto si Cebrent,8172 Brestrum";"18264075-0 07/24, Pagamento carta di debito";"Offereganga vi. 2480243JW0144226";;
2022-09-03;20:03:47;2022-09-05;2022-09-03;TEM;-15.15;;;1482.85;9930747BN3406650;"Parescro Tratiantro VI,6010 Recto";"18264075-0 07/24, Pagamento carta di debito";"Offereganga vi. 1043111TK5618852";;
2022-09-02;20:14:01;2022-09-06;2022-09-02;TEM;-38.00;;;1498.00;9930749BN4199057;"AUSTONUM'F,6437 PERURIPE";"18264075-0 07/24, Pagamento carta di debito";"Offereganga vi. 2108543RU4371070";;
2022-08-31;21:24:02;2022-09-01;2022-08-31;TEM;-67.00;;;1536.00;9930744BN0236943;"Uniunte & Dorat Sengrope,1164 Parate";"18264075-0 07/24, Pagamento carta di debito";"Offereganga vi. 6156472RG0535511";;
2022-08-31;;2022-08-31;2022-08-31;TEM;-6.00;;;1603.00;LG67702JY8052342;"Suisi eis agnumeturaà in r/a";;"Offereganga vi. LG67702JY8052342";;
2022-08-30;17:14:56;2022-09-01;2022-08-30;TEM;-6.75;;;1609.00;9930744BN9296750;"Cera Septempto,7457 Septempto";"18264075-0 07/24, Pagamento carta di debito";"Offereganga vi. 6648774JN5304128";;
2022-08-30;17:26:27;2022-08-31;2022-08-30;TEM;-2.30;;;1615.75;9930743BN9177491;"POR Sall. Sed. Mantumn C,1164 Parate";"18264075-0 07/24, Pagamento carta di debito";"Offereganga vi. 5553052KW7643601";;
2022-08-29;;2022-08-29;2022-08-29;TEM;-1350.00;;;1618.05;9947239TO5585742;"Legit Cebrella,4147 Noventemox";"STA XXX, Cepate in consolest tam g-possica";"Sologit vi. CAPH: TW21 3088 3402 3878 V883 I, Suisi: B-Possica TEM Suractae, Offereganga vi. 4865727OH6145164";;
2022-08-29;;2022-08-29;2022-08-29;TEM;-381.40;;;2968.05;2570241TO5418915;"XXX (Comnute) BY Plavivico Ceseper,Cabiliturunneine 45, 2337 Aespertis";"Cepate in consolest tam g-possica";"Decilausa vi. NUS: 22 81376 44021 48223 38451 27814, Experi in consolest: Varusta A Ponte, Sologit vi. CAPH: PS10 1031 3745 2367 8754 2, Suisi: B-Possica TEM Suractae, Offereganga vi. 1536811GK0758046";;
2022-08-29;;2022-08-29;2022-08-29;TEM;-331.75;;;3349.45;3270241TO5419059;"Pulavide BY,Aurinterunticita 51, 3047 Ocaput, ET";"Cepate in consolest tam g-possica";"Decilausa vi. NUS: 35 66033 24681 16016 28232 44561, Sologit vi. CAPH: KF64 6457 3522 8641 5583 2, Suisi: B-Possica TEM Suractae, Offereganga vi. 4020174LD1330883";;
2022-08-29;;2022-08-29;2022-08-29;TEM;-160.40;;;3681.20;2670241TO5418920;"Reletræ XXX Itto,4423 Expediunt (Austate)";"Cepate in consolest tam g-possica";"Decilausa vi. NUS: 35 30563 72033 16153 17070 56854, Sologit vi. CAPH: QH22 6457 3312 6758 2000 3, Suisi: B-Possica TEM Suractae, Offereganga vi. 7850106LN2235843";;
2022-08-29;;2022-08-29;2022-08-29;TEM;-78.75;;;3841.60;3170241TO5419043;"Mali Paribi VI,Xxx ut Anthore 1, 1447 Adduci, ET";"Cepate in consolest tam g-possica";"Decilausa vi. NUS: 35 40021 40021 40021 10062 61273, Sologit vi. CAPH: DP41 6457 6403 7527 5866 I, Suisi: B-Possica TEM Suractae, Offereganga vi. 8547148YO1010582";;
2022-08-29;;2022-08-29;2022-08-29;TEM;-25.25;;;3920.35;2870241TO5418927;"Meniunis (Comnute) BY,3542 Atra, ET";"Cepate in consolest tam g-possica";"Decilausa vi. NUS: 35 35857 12764 78628 34148 82311, Experi in consolest: Duere, Pongun 4848, Sologit vi. CAPH: MV08 6457 1456 6301 7357 7, Suisi: B-Possica TEM Suractae, Offereganga vi. 8351413YM7145523";;
2022-08-29;;2022-08-29;2022-08-29;TEM;-19.95;;;3945.60;3070241TO5418943;"Meniunis (Comnute) BY,3542 Atra, ET";"Cepate in consolest tam g-possica";"Decilausa vi. NUS: 35 35857 12764 44672 84072 67033, Experi in consolest: Duere, Pongun 4848, Sologit vi. CAPH: MV08 6457 1456 6301 7357 7, Suisi: B-Possica TEM Suractae, Offereganga vi. 6413302WI2542228";;
2022-08-29;;2022-08-29;2022-08-29;TEM;-19.95;;;3965.55;2970241TO5418935;"Meniunis (Comnute) BY,3542 Atra, ET";"Cepate in consolest tam g-possica";"Decilausa vi. NUS: 35 35857 12764 46873 26886 77521, Experi in consolest: Duere, Pongun 4848, Sologit vi. CAPH: MV08 6457 1456 6301 7357 7, Suisi: B-Possica TEM Suractae, Offereganga vi. 7145538LJ0148674";;
2022-08-29;;2022-08-29;2022-08-29;TEM;-19.95;;;3985.50;2770241TO5418926;"Meniunis (Comnute) BY,3542 Atra, ET";"Cepate in consolest tam g-possica";"Decilausa vi. NUS: 35 35857 17455 32842 85125 25803, Experi in consolest: Duere, Pongun 4848, Sologit vi. CAPH: MV08 6457 1456 6301 7357 7, Suisi: B-Possica TEM Suractae, Offereganga vi. 3668754WK6288855";;
2022-08-29;07:54:47;2022-08-31;2022-08-29;TEM;-2.85;;;4005.45;9930743BN8228304;"Cera Septempto,7457 Septempto";"18264075-0 07/24, Pagamento carta di debito";"Offereganga vi. 7705346NS5660620";;
2022-08-29;17:23:31;2022-08-30;2022-08-29;TEM;-2.30;;;4008.30;9930742BN8113154;"POR Sall. Sed. Mantumn C,1164 Parate";"18264075-0 07/24, Pagamento carta di debito";"Offereganga vi. 8588766IA2420541";;
2022-08-29;13:15:46;2022-08-31;2022-08-29;TEM;-1.95;;;4010.60;9930743BN8228312;"Cera Septempto,7457 Septempto";"18264075-0 07/24, Pagamento carta di debito";"Offereganga vi. 7566511RQ8326657";;
2022-08-28;22:30:30;2022-08-29;2022-08-28;TEM;-60.00;;;4012.55;9930741BN7023344;"Idere Vité in Nerit Disi,6108 Parsupar x'Molunt";"18264075-0 07/24, Pagamento carta di debito";"Offereganga vi. 8673301PE0121453";;
2022-08-27;;2022-08-29;2022-08-27;TEM;-500.00;;;4072.55;9947241TO5598850;"Venum Obandam,8876 Cassugat";"HARECTIA, Cepate in consolest tam g-possica";"Sologit vi. 30710341348573L47121, Offereganga vi. 3605780OG7843165";;
2022-08-27;12:52:03;2022-08-29;2022-08-27;TEM;-21.00;;;4572.55;9930740BN5973689;"Vi Dissit VI,4774 Gratemisi";"18264075-0 07/24, Pagamento carta di debito";"Offereganga vi. 4715385JY5602837";;
2022-08-26;;2022-08-26;2022-08-26;TEM;-350.00;;;4593.55;9947738MC4808665;"Venum Obandam,8876 Cassugat";"cepate movengisse Pedde";"Sologit vi. CAPH: AW07 3100 7414 2416 75G3 B, Suisi: Comnum in plutubila / in dividede, Offereganga vi. 1463522CD5473784";;
2022-08-26;09:21:29;2022-08-29;2022-08-26;TEM;-225.00;;;4943.55;9930739BN5100158;"Cutine Triderimula Decet,7172 Timediusa";"18264075-0 07/24, Pagamento carta di debito";"Offereganga vi. 3656176FK7704632";;
2022-08-26;;2022-08-26;2022-08-26;TEM;-35.00;;;5168.55;9947238TO5107716;"ETIS ETIS ETIS 7635,VENUM OBANDAM";"Consolest a xxx pinti";"Sologit vi. 84050341547652502740, Suisi: B-Possica harectia fuino-fuino, Offereganga vi. 2532635HA3271102";;
2022-08-26;09:05:42;2022-08-29;2022-08-26;TEM;-21.30;;;5203.55;9930739BN4160378;"Reps Timediusa 71,7172 Timediusa";"18264075-0 07/24, Pagamento carta di debito";"Offereganga vi. 4682100GG8088254";;
2022-08-26;18:48:47;2022-08-29;2022-08-26;TEM;-12.60;;;5224.85;9930739BN5134524;"Prit-6810 Recto,6010 Recto";"18264075-0 07/24, Pagamento carta di debito";"Offereganga vi. 8411280IM2704120";;
2022-08-26;;2022-08-26;2022-08-26;TEM;;332.00;;5237.45;9930738LK4923147;"Quideium Beresceret,8876 Cassugat";"Quaddungine fortire";"Experi in consolest: Sceribultione, Offereganga vi. 3060365OV2622774";;
2022-08-26;;2022-08-26;2022-08-26;TEM;;4369.80;;4905.45;9999238ZC6626377;"minate.et VI,Tam et Visit 2, ET/Septempto 7457";"plutubila secendo";"Experi in consolest: DISSIT CENTEMO, Suisi: Cerbies consolest FER, Offereganga vi. 5886871VN5723558";;
2022-08-25;07:56:30;2022-08-29;2022-08-25;TEM;-2.85;;;535.65;9930740BN5276881;"Cera Septempto,7457 Septempto";"18264075-0 07/24, Pagamento carta di debito";"Offereganga vi. 6581886LB7654156";;
2022-08-25;17:26:42;2022-08-26;2022-08-25;TEM;-2.30;;;538.50;9930738BN3748816;"POR Sall. Sed. Mantumn C,1164 Parate";"18264075-0 07/24, Pagamento carta di debito";"Offereganga vi. 2844781QP0587412";;
2022-08-25;;2022-08-25;2022-08-25;TEM;;260.00;;540.80;9947737LK4529099;"Atubere Obandam,8172 Brestrum";"Quaddungine fortire";"Experi in consolest: Miunitursit, Offereganga vi. 8183616DM5858205";;
2022-08-24;22:25:20;2022-08-29;2022-08-24;TEM;-61.99;;;280.80;9930739BN3915438;"TERAT TARANT LOR IN AN,24133 TORTUS AMIRE";"18264075-0 07/24, Pagamento carta di debito";"Inguisi reguilliquo tum pinti: -34.35 MEN, Poegment fuis: 3.350518, Suisi: Consolest PLE Cocta Solo sus'ingite -7.84 TEM, Offereganga vi. 2831162HI1823533";;
2022-08-23;18:57:25;2022-08-24;2022-08-23;TEM;-63.31;;;342.79;9930736BN1807534;"Par Pargem,8554 Pargem";"18264075-0 07/24, Pagamento carta di debito";"Offereganga vi. 2540488CS6668825";;
2022-08-23;21:18:22;2022-08-25;2022-08-23;TEM;-31.00;;;406.10;9930737BN2050048;"CAPOR LINO,7457 SEPTEMPTO";"18264075-0 07/24, Pagamento carta di debito";"Offereganga vi. 8633538CG2120014";;
2022-08-22;17:16:47;2022-08-23;2022-08-22;TEM;-2.30;;;437.10;9930735BN1056625;"POR Sall. Sed. Mantumn C,1164 Parate";"18264075-0 07/24, Pagamento carta di debito";"Offereganga vi. 8667311DL4205185";;
2022-08-20;11:38:38;2022-08-22;2022-08-20;TEM;-40.10;;;439.40;9930733BN8964286;"Centemitas VI,5846 Requens";"18264075-0 07/24, Pagamento carta di debito";"Offereganga vi. 5114122JN6457538";;
2022-08-20;11:48:34;2022-08-22;2022-08-20;TEM;-28.90;;;479.50;9930733BN8938604;"Ligita Requens,5846 Requens";"18264075-0 07/24, Pagamento carta di debito";"Offereganga vi. 1038483UE1461065";;
2022-08-20;11:57:56;2022-08-22;2022-08-20;TEM;-23.85;;;508.40;9930733BN8963987;"Solo'q VI 33, Requens,5846 Requens";"18264075-0 07/24, Pagamento carta di debito";"Offereganga vi. 6328676QE4423047";;
2022-08-20;11:23:09;2022-08-22;2022-08-20;TEM;-18.80;;;532.25;9930733BN8976357;"Imide-Catis VI 2857,5846 Requens";"18264075-0 07/24, Pagamento carta di debito";"Offereganga vi. 1712370KG0507358";;
2022-08-19;12:50:12;2022-08-22;2022-08-19;TEM;-20.00;;;551.05;9930733BN8544416;"AUXIMOX";"18264075-0 07/24, Prelevamento Bancomat";"Suisi: Petterasulat in navicies si Speripse in tudica eores/Nassupar et Suractae (*g), Offereganga vi. 8000406MS0885817";"(*g) Orminque eis tam lis ficita in conditudo eis adiffilodem";
2022-08-19;07:58:08;2022-08-22;2022-08-19;TEM;-2.20;;;571.05;9930733BN8525578;"Cera Septempto,7457 Septempto";"18264075-0 07/24, Pagamento carta di debito";"Offereganga vi. 3858630XU2728714";;
2022-08-18;19:33:09;2022-08-19;2022-08-18;TEM;-3.20;;;573.25;9930731BN7488945;"Culit Obsitas Recto,6010 Recto";"18264075-0 07/24, Pagamento carta di debito";"Offereganga vi. 6305671KR6064212";;
2022-08-17;17:29:22;2022-08-18;2022-08-17;TEM;-25.00;;;576.45;9930730BN6321854;"Quaer ET VI (1808) Novus,8876 Cassugat";"18264075-0 07/24, Pagamento carta di debito";"Offereganga vi. 4866282FI5566388";;
2022-08-16;22:52:25;2022-08-18;2022-08-16;TEM;-69.30;;;601.45;9930730BN5659363;"Adunum Dem Et Pes,1164 Parate";"18264075-0 07/24, Pagamento carta di debito";"Offereganga vi. 1718208YR4862566";;
2022-08-16;08:00:09;2022-08-18;2022-08-16;TEM;-2.85;;;670.75;9930730BN5639008;"Cera Septempto,7457 Septempto";"18264075-0 07/24, Pagamento carta di debito";"Offereganga vi. 1757441MH6088000";;
2022-08-16;07:37:36;2022-08-17;2022-08-16;TEM;-2.30;;;673.60;9930729BN4799698;"POR Crire Mantumn Parate,1164 Parate";"18264075-0 07/24, Pagamento carta di debito";"Offereganga vi. 2711660QW4528254";;
2022-08-15;18:07:57;2022-08-16;2022-08-15;TEM;-40.70;;;675.90;9930728BN4456031;"Parescro Tratiantro VI,6010 Recto";"18264075-0 07/24, Pagamento carta di debito";"Offereganga vi. 4768088TY5681465";;
2022-08-14;16:34:32;2022-08-15;2022-08-14;TEM;-132.06;;;716.60;9930727BN3622307;"PAR,7172 Timediusa";"18264075-0 07/24, Pagamento carta di debito";"Offereganga vi. 6547723IV5685704";;
2022-08-14;20:54:15;2022-08-17;2022-08-14;TEM;-37.00;;;848.66;9930729BN4733646;"AUSTONUM'F,6437 PERURIPE";"18264075-0 07/24, Pagamento carta di debito";"Offereganga vi. 3702458MD0686601";;
2022-08-14;17:01:51;2022-08-15;2022-08-14;TEM;-12.20;;;885.66;9930727BN3622282;"Dea Tunch,7172 Timediusa";"18264075-0 07/24, Pagamento carta di debito";"Offereganga vi. 6162737DL5463508";;
2022-08-11;;2022-08-11;2022-08-11;TEM;-17.00;;;897.86;9947223TO6725066;"ETIS ETIS ETIS 7635,VENUM OBANDAM";"Consolest a xxx pinti";"Sologit vi. 84050341547652502740, Suisi: B-Possica harectia fuino-fuino, Offereganga vi. 8253285GW2552604";;
2022-08-09;18:37:03;2022-08-10;2022-08-09;TEM;-30.00;;;914.86;9930722BN8960731;"Scum parescro meruncto,2201 Cringe";"18264075-0 07/24, Pagamento carta di debito";"Offereganga vi. 7561142YY1241631";;
2022-08-08;17:25:57;2022-08-10;2022-08-08;TEM;-35.00;;;944.86;9930722BN8230888;"SalEs  *FORA.COLUMN VI,7423 Parate";"18264075-0 07/24, Pagamento carta di debito";"Offereganga vi. 1688824JK0771042";;
2022-08-08;21:20:43;2022-08-09;2022-08-08;TEM;-5.95;;;979.86;9930721BN8092232;"Parescro Tratiantro VI,6010 Recto";"18264075-0 07/24, Pagamento carta di debito";"Offereganga vi. 2411044IC3487066";;
2022-08-08;17:31:22;2022-08-09;2022-08-08;TEM;-4.60;;;985.81;9930721BN7959401;"Senes BY,1164 Parate";"18264075-0 07/24, Pagamento carta di debito";"Offereganga vi. 5500056JV4826356";;
2022-08-08;12:55:25;2022-08-10;2022-08-08;TEM;-2.90;;;990.41;9930722BN8193942;"Cera Septempto,7457 Septempto";"18264075-0 07/24, Pagamento carta di debito";"Offereganga vi. 1655110ID4100440";;
2022-08-08;07:53:13;2022-08-10;2022-08-08;TEM;-2.85;;;993.31;9930722BN8193658;"Cera Septempto,7457 Septempto";"18264075-0 07/24, Pagamento carta di debito";"Offereganga vi. 5221565FJ1422411";;
2022-08-04;22:04:54;2022-08-08;2022-08-04;TEM;-72.00;;;996.16;9930718BN4509279;"Uniunte & Dorat Sengrope,1164 Parate";"18264075-0 07/24, Pagamento carta di debito";"Offereganga vi. 8138874MP4001050";;
2022-08-04;20:38:12;2022-08-05;2022-08-04;TEM;-30.02;;;1068.16;9930717BN4446066;"Anary Sent,1164 Parate";"18264075-0 07/24, Pagamento carta di debito";"Offereganga vi. 1023005EH8007510";;
2022-08-01;;2022-08-02;2022-08-01;TEM;;40.00;;1098.18;9930213GK1654437;"Beresceret, Quideium";"Plutubila PLE STELL";"Experi in consolest: +78200426687, STELL-Xxx.:+81236626535, Offereganga vi. 1317523UA7127265";;
2022-07-30;12:14:22;2022-08-02;2022-07-30;TEM;-69.00;;;1058.18;9930714BN0918457;"AUSTONUM'F,6437 PERURIPE";"18264075-0 07/24, Pagamento carta di debito";"Offereganga vi. 2505016BW6027510";;
2022-07-30;09:28:42;2022-08-02;2022-07-30;TEM;-32.20;;;1127.18;9930714BN0871952;"ET VEMPLIGERE IN N. EO,6884 CESERE";"18264075-0 07/24, Pagamento carta di debito";"Offereganga vi. 4447430FY3100877";;
2022-07-30;09:50:43;2022-08-01;2022-07-30;TEM;-30.21;;;1159.38;9930712BN9356783;"Harum Scriniam,5667 Perbitti";"18264075-0 07/24, Pagamento carta di debito";"Offereganga vi. 1077540QE1514683";;
2022-07-29;;2022-07-29;2022-07-31;TEM;-6.00;;;1189.59;RX41771GH6358610;"Suisi eis agnumeturaà in r/a";;"Offereganga vi. RX41771GH6358610";;
2022-07-28;;2022-07-28;2022-07-28;TEM;-1350.00;;;1195.59;9947208TO9191506;"Legit Cebrella,4147 Noventemox";"STA DES, Cepate in consolest tam g-possica";"Sologit vi. CAPH: TW21 3088 3402 3878 V883 I, Suisi: B-Possica TEM Suractae, Offereganga vi. 5407000SC1785748";;
2022-07-28;;2022-07-28;2022-07-28;TEM;-381.40;;;2545.59;6170209TO6433023;"XXX (Comnute) BY Plavivico Ceseper,Cabiliturunneine 45, 2337 Aespertis";"Cepate in consolest tam g-possica";"Decilausa vi. NUS: 22 81376 44021 48223 38451 27814, Experi in consolest: Varusta A Ponte, Sologit vi. CAPH: PS10 1031 3745 2367 8754 2, Suisi: B-Possica TEM Suractae, Offereganga vi. 1873502MQ2036357";;
2022-07-28;;2022-07-28;2022-07-28;TEM;-331.75;;;2926.99;7070209TO6433290;"Pulavide BY,Aurinterunticita 51, 3047 Ocaput, ET";"Cepate in consolest tam g-possica";"Decilausa vi. NUS: 35 66033 24681 16016 80005 36358, Sologit vi. CAPH: KF64 6457 3522 8641 5583 2, Suisi: B-Possica TEM Suractae, Offereganga vi. 4686137FO2680471";;
2022-07-28;;2022-07-28;2022-07-28;TEM;-163.80;;;3258.74;6270209TO6433141;"Reletræ XXX Itto,4423 Expediunt (Austate)";"Cepate in consolest tam g-possica";"Decilausa vi. NUS: 35 30563 72033 16153 26188 58221, Sologit vi. CAPH: QH22 6457 3312 6758 2000 3, Suisi: B-Possica TEM Suractae, Offereganga vi. 3031280IQ2038064";;
2022-07-28;;2022-07-28;2022-07-28;TEM;-108.35;;;3422.54;9947208TO9200212;"PUS SECTULIGNUNICA BY,EXEMPERIDE";"Cepate in consolest tam g-possica";"Decilausa vi. 54 70042 85071 87701 63456 13733, Sologit vi. 37-410613-2, Suisi: B-Possica TEM Suractae, Offereganga vi. 5388164LE3452627";;
2022-07-28;;2022-07-28;2022-07-28;TEM;-89.30;;;3530.89;6770209TO6433234;"Mali Paribi VI,Xxx ut Anthore 1, 1447 Adduci, ET";"Cepate in consolest tam g-possica";"Decilausa vi. NUS: 35 40021 40021 40021 10062 61273, Sologit vi. CAPH: DP41 6457 6403 7527 5866 I, Suisi: B-Possica TEM Suractae, Offereganga vi. 1422125AB8667131";;
2022-07-28;;2022-07-28;2022-07-28;TEM;-20.20;;;3620.19;6670209TO6433219;"Meniunis (Comnute) BY,3542 Atra, ET";"Cepate in consolest tam g-possica";"Decilausa vi. NUS: 35 35857 12764 46873 82728 77221, Experi in consolest: Duere Paribi, Innere 4848, Sologit vi. CAPH: MV08 6457 1456 6301 7357 7, Suisi: B-Possica TEM Suractae, Offereganga vi. 8804888TK2230013";;
2022-07-28;;2022-07-28;2022-07-28;TEM;-19.95;;;3640.39;6370209TO6433158;"Meniunis (Comnute) BY,3542 Atra, ET";"Cepate in consolest tam g-possica";"Decilausa vi. NUS: 35 35857 17455 32842 46032 24581, Experi in consolest: Duere Paribi, Innere 4848, Sologit vi. CAPH: MV08 6457 1456 6301 7357 7, Suisi: B-Possica TEM Suractae, Offereganga vi. 2818040YQ4076300";;
2022-07-28;;2022-07-28;2022-07-28;TEM;-19.95;;;3660.34;6470209TO6433185;"Meniunis (Comnute) BY,3542 Atra, ET";"Cepate in consolest tam g-possica";"Decilausa vi. NUS: 35 35857 12764 78628 72750 78434, Experi in consolest: Duere Paribi, Innere 4848, Sologit vi. CAPH: MV08 6457 1456 6301 7357 7, Suisi: B-Possica TEM Suractae, Offereganga vi. 8455073FW6175574";;
2022-07-28;;2022-07-28;2022-07-28;TEM;-19.95;;;3680.29;6570209TO6433206;"Meniunis (Comnute) BY,3542 Atra, ET";"Cepate in consolest tam g-possica";"Decilausa vi. NUS: 35 35857 12764 44672 15300 14502, Experi in consolest: Duere Paribi, Innere 4848, Sologit vi. CAPH: MV08 6457 1456 6301 7357 7, Suisi: B-Possica TEM Suractae, Offereganga vi. 2067146XJ3173626";;
